@string{ijnme=    {{Int. J. Numer. Meth. Engng.}}}
@string{jcp=      {{J. Comput. Phys.}}}
@string{bssa=     {{Bull. Seismol. Soc. Am.}}}
@string{gjras=    {{Geophys. J. R. Astron. Soc.}}}
@string{gji=      {{Geophys. J. Int.}}}
@string{gp=       {{Geophys. Prosp.}}}
@string{grl=      {{Geophys. Res. Lett.}}}
@string{geophysics= {{Geophysics}}}
@string{jasa=     {{J. Acoust. Soc. Am.}}}
@string{jca=      {{J. Comput. Acoust.}}}
@string{jap=      {{J. Appl. Phys.}}}
@string{jgr=      {{J. Geophys. Res.}}}
@string{pageoph=  {{Pure Appl. Geophys.}}}
@string{pepi=     {{Phys. Earth Planet. Inter.}}}
@string{cmame=    {{Comput. Methods Appl. Mech. Engrg.}}}
@string{eesd=     {{Earthquake Eng. Struct. Dyn.}}}

%%%%%%%%%%%%%%%%%%%%%%%
%   BOOKS
%%%%%%%%%%%%%%%%%%%%%%%

@BOOK{cerveny01,
      author={V. Cerven\'{y}},
      title={Seismic Ray Theory},
      publisher ={Cambridge University Press},
      address ={Cambridge, UK},
      year=2001
}

@BOOK{Pac97,
      author={P. S. Pacheco},
      title={Parallel programming with {MPI}},
      publisher ={Morgan Kaufmann Press},
      address ={San Francisco},
      year=1997
}

@BOOK{Les97,
      author={M. Lesieur},
      title={Turbulence in fluids},
      publisher ={Kluwer Academic Publishers},
      address ={Dordrecht},
      year=1997
}

@BOOK{Hea00,
      author={S. Heaney},
      title={Beowulf, a new verse translation, bilingual edition},
      publisher ={Farrar, Straus and Giroux Publishers},
      address ={New York},
      year=2000
}

@BOOK{GrLuSk94,
      author={W. Gropp and E. Lusk and A. Skjellum},
      title={Using {MPI}, portable parallel programming with the {M}essage-{P}assing {I}nterface},
      publisher ={MIT Press},
      address ={Cambridge},
      year=1994
}

@BOOK{StSaBeSa99,
      author={T. L. Sterling and J. Salmon and D. J. Becker and D. F. Savarese},
      title={How to build a {B}eowulf, a guide to the implementation and application of {PC} clusters},
      publisher ={MIT Press},
      address ={Cambridge},
      year=1999
}

@BOOK{StMe95,
      author={T. L. Sterling and P. C. Messina},
      title={Enabling technologies for {P}etaflops computing},
      publisher ={MIT Press},
      address ={Cambridge},
      year=1995
}

@BOOK{Iss89,
      author={E. H. Issaks and R. M. Srivastava},
      title={An Introduction to Applied Geostatistics},
      publisher ={Oxford University Press},
      address ={Oxford},
      note={560 p.},
      year=1989
}

@BOOK{jn,
      author={J. Necas},
      title={Les m\'ethodes directes en th\'eorie des \'equations elliptiques},
      publisher ={Masson},
      address ={Paris},
      note={351 p.},
      year=1967
}

@BOOK{pgc,
      author={P. G. Ciarlet},
      title={The Finite Element Method for Elliptic Problems},
      publisher ={North Holland},
      address ={Amsterdam},
      note={530 p.},
      year=1978
}

@BOOK{SzBa91,
      author={B. Szab\'{o} and I. Babu\u{s}ka},
      title={Finite Element analysis},
      publisher ={Wiley},
      address ={New York},
      year=1991
}

@BOOK{Bon95,
      author={M. Bonnet},
      title={\'Equations int\'egrales et \'el\'ements de fronti\`ere},
      publisher ={CNRS \'Editions, Eyrolles},
      address ={Paris},
      year=1995
}

@BOOK{MaBe88,
      author={G. Manolis and D. E. Beskos},
      title={Boundary element methods in elastodynamics},
      publisher ={Umwin Hyman},
      address ={London},
            year=1988
}

@BOOK{LeCh85,
      author={J. Lemaitre and J. L. Chaboche},
      title={M\'ecanique des mat\'eriaux solides},
      publisher ={Dunod},
      address ={Paris},
      year=1985
}

@BOOK{HoJo85,
     author={R. A. Horn and C. R. Johnson},
     title={Matrix analysis},
      publisher ={Cambridge University Press},
      address ={Cambridge},
      year=1985
     }

@BOOK{Duv90,
      author={G. Duvaut},
      title={M\'ecanique des milieux continus},
      publisher ={Masson},
      address ={Paris},
      year=1990
}

@BOOK{Lov11,
      author={A. E. H. Love},
      title={Some problems of geodynamics},
      publisher ={Cambridge University Press},
      address ={Cambridge},
      year=1911
}

@BOOK{Lub90,
      author={Jacob Lubliner},
      title={Plasticity theory},
      publisher ={Macmillan Publishing Company},
      address ={New York},
      year=1990
}

@BOOK{GeMu94,
      author={P. Germain and P. Muller},
      title={Introduction \`a la m\'ecanique des milieux continus},
      publisher ={Masson},
      address ={Paris},
      edition={2nd},
      year=1994
}

@BOOK{CaHuQuZa88,
      author={C. Canuto and M. Y. Hussaini and A. Quarteroni and T. A.
Zang},
      title={Spectral methods in fluid dynamics},
      publisher ={Springer-Verlag},
      address ={New York},
      year=1988
}

@BOOK{Ben81,
      author={Ari Ben-Menahem and Sarva Jit. Singh},
      title={Seismic waves and sources},
      publisher ={Springer-Verlag},
      address ={New York},
      year=1981
}

@BOOK{Ray45,
      author={L. J. W. S. Rayleigh},
      title={The theory of sound},
      publisher ={Dover Publications},
      address ={New York},
      edition={2nd},
      year=1945
}

@BOOK{Boo78,
      author={C. de Boor},
      title={A practical guide to splines},
      series={Applied Mathematical Sciences},
      publisher ={Springer-Verlag},
      address ={New York},
      volume=27,
      year=1978
}

@BOOK{Vik67,
      author={I. A. Viktorov},
      title={Rayleigh and Lamb waves: physical theory and applications},
      address ={New-York},
      publisher ={Plenum Press},
      year=1967
}

@BOOK{BeMa92,
      author={C. Bernardi and Y. Maday},
      title={Approximations spectrales de probl\`emes aux limites elliptiques},
      address ={Paris},
      publisher ={Springer-Verlag},
      year=1992
}

@BOOK{Lam52,
      author={Gabriel Lam\'e},
      title={Le\c cons sur la th\'eorie math\'ematique de l'\'elasticit\'e des corps solides},
      address ={Paris},
      publisher ={Gauthier-Villars},
      year=1852
}

@BOOKLET{Haa09,
      author={A. Haar},
      title={Zur Theorie der orthogonalen Funktionensysteme},
      address ={G\"ottingen},
      year=1909
}

@BOOK{Mey90,
      author={Y. Meyer},
      title={Ondelettes et op\'erateurs},
      publisher ={Hermann},
      address ={Paris},
      year=1990
}

@BOOK{Pay83,
      author={R. G. Payton},
      title={Elastic wave propagation in transversely isotropic media},
      publisher ={Martinus Nijhoff},
      address ={The Hague},
      year=1983
}

@BOOK{Aco92,
      author={A. Cohen},
      title={Ondelettes et traitement num\'erique du signal},
      publisher ={Masson},
      address ={Paris},
      year=1992
}

@BOOK{DaTr98,
      author={F. A. Dahlen and J. Tromp},
      title={Theoretical Global Seismology},
      publisher ={Princeton University Press},
      address ={Princeton},
      year=1998
}

@BOOK{PrTeWeFl94,
  author ={W.H. Press and S.A. Teukolsky and W.T. Vetterling and B.P. Flannery},
  title ={Numerical recipes: the art of scientific computing},
  publisher ={Cambridge University Press},
  address ={Cambridge},
  year ={1994}
}

@BOOK{Tar87,
  author ={A. Tarantola},
  title ={Inverse problem theory: methods for data fitting and model parameter estimation},
  publisher={Elsevier Science Publishers},
  address={Amsterdam},
  year ={1987}
}

@BOOK{Fle91,
  author ={C. A. J. Fletcher},
  title ={Computational Fluid Dynamics},
  publisher ={Springer-Verlag},
  address ={New York},
  year ={1991}
}

@BOOK{Mcc57,
  author ={A. J. McConnell},
  title ={Applications of tensor analysis},
  publisher ={Dover Publications},
  address ={New York},
  year ={1957}
}

@BOOK{Spa65,
  author ={B. Spain},
  title ={Tensor Calculus},
  publisher ={John Wiley and sons},
  address ={New York},
  year ={1965}
}

@BOOK{ThWaMa85,
  author ={J. F. Thompson and Z. U. A. Warsi and C. W. Mastin},
  title ={Numerical Grid Generation - Foundations and Applications},
  publisher ={North-Holland Publishing Co.},
  address ={New York},
  year ={1985}
}

@BOOK{Bri64,
  author ={L. Brillouin},
  title ={Tensors in Mechanics and Elasticity},
  edition={3rd},
  publisher ={Academic Press},
  address ={New York},
  year ={1964}
}

@BOOK{Zie77,
  author ={Olgierd Cecil Zienkiewicz},
  title ={The finite element method in engineering science},
  edition={3rd},
  publisher ={McGraw-Hill},
  address ={New York},
  year ={1977}
}

@BOOK{ZiTa89,
  author ={Olgierd Cecil Zienkiewicz and R. L. Taylor},
  title ={The finite element method: v.2, solid and fluid mechanics},
  edition={4th},
  publisher ={McGraw-Hill},
  address ={New York},
  year ={1989}
}

@BOOK{DhTo84,
  author ={Gouri Dhatt and Gilbert Touzot},
  title ={The finite element method displayed},
  publisher ={John Wiley and sons},
  address ={New York},
  year ={1984}
}

@BOOK{Sta92,
  author ={Franck D. Stacey},
  title ={Physics of the Earth},
  edition={3rd},
  publisher ={Brookfield Press},
  address ={Brisbane},
  year ={1992}
}

@BOOK{Har88,
  author ={A. H. Harker},
  title ={Elastic waves in solids, with application to non destructive testing of pipelines},
  publisher ={British Gas Editions},
  address ={Bristol},
  year ={1988}
}

@BOOK{Hug87,
  author ={Thomas J. R. Hughes},
  title ={The finite element method, linear static and dynamic finite element analysis},
  publisher ={Prentice-Hall International},
  address ={Englewood Cliffs, NJ},
  year ={1987}
}

@BOOK{Pil79,
  author ={Walter L. Pilant},
  title ={Elastic waves in the {E}arth},
  publisher ={Elsevier Scientific Publishing Company},
  address ={Amsterdam},
  year ={1979}
}

@BOOK{Dem91,
  author ={Jean-Pierre Demailly},
  title ={Analyse num\'erique et \'equations diff\'erentielles},
  publisher ={Presses Universitaires de Grenoble},
  address ={Grenoble},
  year ={1991}
}

@BOOK{ShGe82,
  author ={R. E. Sheriff and L. P. Geldart},
  title ={Exploration seismology: history, theory and data acquisition},
  publisher ={Cambridge University Press},
  address ={Cambridge},
  year ={1982}
}

@BOOK{LuPi96,
  author ={Brigitte Lucquin and Olivier Pironneau},
  title ={Introduction au calcul scientifique},
  publisher ={Masson},
  address ={Paris},
  year ={1996}
}

@BOOK{Euv94,
  author ={Daniel Euvrard},
  title ={R\'esolution num\'erique des \'equations aux d\'eriv\'ees
partielles - Diff\'erences finies, \'el\'ements finis, probl\`emes en
domaine non born\'e},
  edition={3rd},
  publisher ={Masson},
  address ={Paris},
  year ={1994}
}

@BOOK{LaLi59,
  author ={L. D. Landau and E. M. Lifshitz},
  title ={Fluid mechanics},
  publisher ={Pergamon Press},
  address ={New-York},
  year ={1959}
}

@BOOK{LaLi53,
  author ={L. Landau and E. Lifchitz},
  title ={Th\'eorie de l'\'elasticit\'e},
  publisher ={Editions Mir},
  address ={Moscou},
  edition ={2nd},
  year ={1953}
}

@BOOK{AtPr90,
  author ={Marc Atteia and Michel Pradel},
  title ={\'El\'ements d'analyse num\'erique},
  publisher ={C\'epadues \'Editions},
  address ={Toulouse},
  year ={1990}
}

@BOOK{AkRi80,
  author ={K. Aki and P. G. Richards},
  title ={Quantitative seismology, theory and methods},
  publisher ={W. H. Freeman},
  address ={San Francisco},
  year ={1980}
}

@BOOK{Ach84,
      author ={J. D. Achenbach},
      title={Wave Propagation in Elastic Solids},
      publisher={Elsevier Science Publishers},
      address={Amsterdam},
      year =1984
}

@BOOK{Cag39,
      author ={L. Cagniard},
      title={R\'eflexion et R\'efraction des Ondes Sismiques Progressives},
      publisher={Gauthiers-Villars},
      address={Paris},
      year=1939
}

@BOOK{Ken83,
      author ={B. L. N. Kennett},
      title={Seismic wave propagation in stratified media},
      publisher={Cambridge University Press},
      address={Cambridge},
      year=1983
}

@BOOK{kennett91,
citekey={kennett91},
author={B. L. N. Kennett},
title={{IASPEI} 1991 Seismological Tables},
year=1991,
publisher={Research School of Earth Sciences,
Australian National University, Canberra},
}

@BOOK{Kob87,
      author={S. Kobayashi},
      year=1987,
      title={Elastodynamics in boundary element methods in mechanics},
      publisher={North-Holland},
      address={Amsterdam}
}

%%%%%%%%%%%%%%%%%%%%%%%
%   IN BOOK
%%%%%%%%%%%%%%%%%%%%%%%

@INCOLLECTION{Jen75,
      author = {P. Jennings},
      year = 1975,
      title={Fault map of {C}alifornia with volcanoes, thermal springs and thermal wells at 1:750,000 scale},
      booktitle={Geological Data Map 1},
      publisher={California Division of Mines and Geology},
      address={Sacramento, California}
}

@INCOLLECTION{nolet1987,
        AUTHOR="G. Nolet",
        TITLE={{Waveform tomography}},
        booktitle={Seismic Tomography, with Applications in
        Global Seismology and Exploration Geophysics},
        publisher={Reidel},
        address={Dordrecht},
        editor={G. Nolet},
        year=1987,
        pages={301--322},
        }


@INCOLLECTION{Wri91,
      author = {T. L. Wright},
      year = 1991,
      title={Structural geology and tectonic evolution of the {L}os {A}ngeles basin, {C}alifornia},
      booktitle={Active Margin Basins},
      editor={K. T. Biddle},
      publisher={Am. Assoc. Pet. Geol. Memoir},
      volume = 52,
      pages = {35-134}
}

@INCOLLECTION{KrMoIrIwSe99,
      author={J. Kristek and P. Moczo and K. Irikura and T. Iwata and H. Sekiguchi},
      year=1999,
      title={The 1995 {K}obe mainshock simulated by {3D} finite differences},
      booktitle={The Effects of Surface Geology on Seismic Motion},
      editor={K. Irikura and K. Kudo and H. Okada and T. Sasatani},
      publisher={Balkema},
      address={Rotterdam, The Netherlands},
      volume=3,
      pages={1361--1368}
}

@INCOLLECTION{LuHo87,
      author={B. P. Luyendyk and J. S. Hornafius},
      year=1987,
      title={Neogene crustal rotations, fault slip and basin development in southern {C}alifornia},
      booktitle={Cenozoic basin development of coastal {C}alifornia},
      editor={R. V. Ingersoll and W. G. Ernst},
      publisher={Prentice-Hall},
      address={Old Tappan, New Jersey},
      pages={259--283}
}

@INCOLLECTION{Gra99,
      author={R. W. Graves},
      year=1999,
      title={Three-dimensional computer simulations of realistic earthquake ground motions in regions of deep sedimentary basin},
      booktitle={The Effects of Surface Geology on Seismic Motion},
      editor={K. Irikura and K. Kudo and H. Okada and T. Sasatani},
      publisher={Balkema},
      address={Rotterdam, The Netherlands},
      volume=1,
      pages={103--120}
}

@INCOLLECTION{liu&dziewonski96,
author={A. M. Dziewonski and X.-F. Liu and W.-J. Su},
title={Lateral heterogeneity in the lowermost mantle},
booktitle={Earth's Deep Interior},
publisher={Gordon and Breach, Amsterdam},
editor={D.J. Crossley},
year=1997,
pages={11--50},
}

@INCOLLECTION{dziewonski:2000,
      author={A. M. Dziewonski},
      year=2000,
      title={Global seismic tomography: past, present, and future},
      booktitle={Problems in Geophysics for the New Millennium},
      editor={E. Boschi and G. Ekstr\"{o}m and A. Morelli},
      publisher={INGV},
      address={Roma, Italy},
      pages={289--350}
}

@INCOLLECTION{Ged98,
      author={S. D. Gedney},
      booktitle={Advances in Computational Electrodynamics: the Finite-Difference Time-Domain method},
      title={The {P}erfectly {M}atched {L}ayer absorbing medium},
      publisher={Artech House},
      editor={A. Taflove},
      address={Boston},
      year=1998,
      chapter=5,
      pages={263--343}
}

@INCOLLECTION{KoTrNoletMono2002,
      author={D. Komatitsch and J. Tromp},
      year=2002,
      title={Our paper in {AGU} monograph {N}olet},
      booktitle={AGU monograph},
      editor={G. Nolet},
      publisher={AGU},
      address={Washington DC},
      pages={9998-9999}
}

@INCOLLECTION{ChViKoCaVaFe05,
     author={Emmanuel Chaljub and Dimitri Komatitsch and Jean-Pierre Vilotte
and Yann Capdeville and Bernard Valette and Gaetano Festa},
     year=2005,
     title={Spectral Element Analysis in Seismology},
     booktitle={{IASPEI} Monograph on Advances in Wave Propagation in Heterogeneous Media},
     publisher={IASPEI},
     note={in press}
     }

@INCOLLECTION{KoTsTr05,
     author={Dimitri Komatitsch and Seiji Tsuboi and Jeroen Tromp},
     year=2005,
     title={The spectral-element method in seismology},
     booktitle={The Seismic Earth},
     editor={G. Nolet and A. Levander},
     publisher={AGU},
     address={Washington DC},
     note={in press}
     }


@INCOLLECTION{KoTr02c,
      author={D. Komatitsch and J. Tromp},
      year=2002,
      title={Propagaci{\'o}n de ondas s{\'\i}smicas en modelos de tierra global 3-{D} usando elementos espectrales},
      booktitle={M\'etodos num\'ericos en ingenieria y ciencias aplicadas},
      editor={{E. O{\~{n}}ate et al.}},
      publisher={CIMNE},
      address={Barcelona, Espa{\~{n}}a},
      pages={676-686}
}

@INCOLLECTION{TrKo00,
      author={J. Tromp and D. Komatitsch},
      year=2000,
      title={Spectral-element simulations of wave propagation in a laterally
      homogeneous {E}arth model},
      booktitle={Problems in Geophysics for the New Millennium},
      editor={E. Boschi and G. Ekstr\"{o}m and A. Morelli},
      publisher={INGV},
      address={Roma, Italy},
      pages={351-372}
}

@INCOLLECTION{IsIgKa90,
      author={K. Ishihara and M. Iguchi and K. Kamo},
      year=1990,
      title={Numerical simulation of lava flows on some volcanoes in {J}apan},
      booktitle={Lava flows and domes},
      editor={J. H. Fink},
      publisher={Springer-Verlag},
      address={Berlin},
      pages={174-207}
}

@INCOLLECTION{cgnash,
      author={C. Gout},
      year=1999,
      title={Approximation using scale transformations},
      booktitle={Approximation Theory {IX}},
      editor={C. K. Chui and L. L. Schumaker},
      publisher={Vanderbilt University Press},
      address={Nashville},
      volume=1,
      pages={151-158}
}

@INCOLLECTION{ra1,
      author={R. Arcang\'eli},
      year=1989,
      title={Some Applications of Discrete {$D^m$}-splines},
      booktitle={Mathematical Methods in Computer Aided Geometric Design},
      editor={T. Lyche and L. L. Schumaker},
      publisher={Academic Press},
      address={New York},
      pages={35-44}
}

@INCOLLECTION{Hel94,
      author={K. Helbig},
      year=1994,
      title={Foundations of anisotropy for exploration seismics},
      booktitle={Handbook of Geophysical exploration, section I: Seismic exploration},
      editor={K. Helbig and S. Treitel},
      publisher={Pergamon},
      address={Oxford, England},
      volume=22
}

@INCOLLECTION{Mad83,
      author={R. Madariaga},
      year=1983,
      title={Earthquake source theory : a review},
      booktitle={Earthquakes, Observation Theory and Interpretation},
      editor={H. Kanamori and E. Boschi},
      note={The Enrico Fermi Summer School of Physics, 55th course},
      publisher={North-Holland},
      address={Amsterdam}
}

@INCOLLECTION{AuChMoMo85,
      author={D. Aubry and D. Chouvet and H. Modaressi and P. Mouroux},
      year=1985,
      title={Local amplification of a seismic incident field through an elastoplastic sedimentary
valley},
      booktitle={Numerical methods in geomechanics},
      editor={T. Kawamoto and Y. Ichikawa},
      publisher={Balkema},
      pages={421-428}
}

@INCOLLECTION{Kob84,
      author={S. Kobayashi},
      year=1984,
      title={Fundamentals of boundary integral equations methods in elastodynamics},
      booktitle={Boundary element research},
      editor={C. A. Brebbia},
      publisher={Springer-Verlag},
      address={New-York},
      volume=2
}

@INCOLLECTION{San97,
      author={F. J. S\'anchez-Sesma},
      year=1997,
      title={Strong ground motion and site effects},
      booktitle={Computer Analysis and Design of Earthquake resistant
structures},
      editor={D.E. Beskos and S.A. Angnostopoulos},
      publisher={Comp. Mech. Publications},
      address={Southampton},
      pages={201-239}
}


@INCOLLECTION{BeMu78,
      author={Ted Belytschko and R. Mullen},
      year=1978,
      booktitle={Modern problems in elastic wave propagation},
      title={On dispersive properties of finite element solutions},
      editor={J. Miklowitz and J. D. Achenbach},
      publisher={John Wiley and Sons},
      address={New-York},
      volume=67
}

@INCOLLECTION{HeKa93,
      author ={R. D. Henderson and G. E. Karniadakis},
      booktitle={Finite elements in fluids},
      title={Unstructured spectral element methods for the incompressible
{N}avier-{S}tokes equations},
      editor={K. Morgan, E. Onate, J. Periaux, J. Peraire and O. C. Zienkiewicz},
      publisher={Pineridge Press},
      address={Swansea},
      year=1993
}


@INCOLLECTION{LyDr72,
      author ={J. Lysmer and L. A. Drake},
      booktitle={Methods in Computational Physics},
      title={A finite element method for seismology},
      publisher={Academic Press},
      address={New York},
      volume=11,
      year=1972
}

@INCOLLECTION{Boo72a,
      author ={D. M. Boore},
      booktitle={Methods in Computational Physics},
      title={Finite difference methods for seismic wave propagation in heterogeneous materials},
      publisher={Academic Press},
      address={New York},
      volume=11,
      year=1972
}

@INCOLLECTION{LiPeTc92,
      author ={J. Liandrat and V. Perrier and P. Tchamitchian},
      booktitle={Wavelets and their Applications},
      title={Numerical resolution of Nonlinear Partial Differential Equations using the Wavelet approach},
      publisher={Edited by Ruskai, Jones and Barlett},
      address={New York},
      year=1992
}

@INCOLLECTION{GiKe94,
      author={D. Givoli and J. B. Keller},
      booktitle={The mathematics of finite elements and applications},
      title={Non-reflecting finite elements},
      publisher={John Wiley and sons},
      address={New York},
      year=1994
}

%%%%%%%%%%%%%%%%%%%%%%%
%  TECHNICAL REPORT
%%%%%%%%%%%%%%%%%%%%%%%

@TECHREPORT{NaDa92,
      author = {J. Namson and T. L. Davis},
      title = {Late {C}enozoic thrust ramps of Southern {C}alifornia},
      year = 1992,
      institution={Davis \& Namson Consulting Geologists},
      address={Valencia, California, USA},
      note={unpublished report}
}

@TECHREPORT{LaSc95old,
      author={S. Larsen and C. A. Schultz},
      year=1995,
      title={{ELAS3D: 2D/3D} elastic finite-difference wave propagation code},
      number={UCRL-MA-121792},
      note={19 pages}
}

@TECHREPORT{Ste00,
      author={T. L. Sterling},
      year=2000,
      title={Petaflops Computing: looking Back at the Future},
      institution={California Institute of Technology},
      address={Pasadena, California},
      note={presented at the Supercomputing'2000 conference, Dallas, Texas, Nov. 2000}
}

@TECHREPORT{Etopo5,
      author={NOAA},
      year=1988,
      title={National {O}ceanic and {A}tmospheric {A}dministration {(NOAA)} Product Information Catalog - {ETOPO5} {E}arth {T}opography 5-minute digital model},
      institution={U.S. Department of Commerce},
      address={Washington, D.C.},
      note={171 pages}
}

@TECHREPORT{Top500,
      author={H. W. Meuer and E. Strohmaier and J. J. Dongarra and H. D. Simon},
      year=2002,
      title={Top500 list of Supercomputer Sites},
      institution={University of Mannheim},
      address={Mannheim, Germany},
      note={{{\tt www.top500.org}}}
}

@TECHREPORT{TayLoft98,
      author={M. A. Taylor and R. Loft and J. Tribbia},
      year=1998,
      title={Performance of a spectral element atmospheric model ({SEAM}) on the {HP} {E}xemplar {SPP}2000},
      institution={National Center for Atmospheric Research},
      number={NCAR/TN-439+EDD},
      address={Boulder, Colorado}
}

@TECHREPORT{cg1001,
      author={C. Gout},
      year=1998,
      title={Approximation of curves and surfaces from rapidly varying data},
      institution={Center for Pure and Applied Mathematics},
      number={1001},
      note={36 p.},
      address={University of California at Berkeley, USA}
}

@TECHREPORT{ra,
      author={R. Arcang\'eli},
      year=1986,
      title={{$D^m$}-splines sur un domaine born\'e de {$\Rsymbol$}},
      institution={UA 1204 CNRS, Universit\'e de Pau et des Pays de l'Adour},
      number={1986/2},
      note={47 p.},
      address={Pau, France}
}

@TECHREPORT{CaGa97,
      author={F. Casadei and E. Gabellini},
      year=1997,
      title={Implementation of a 3{D} coupled {S}pectral {E}lement
solver for wave propagation and soil-structure interaction simulations},
      institution={European Commission Joint Research Center Report EUR17730EN},
      address={Ispra, Italy}
}

@TECHREPORT{Far87,
      author={C. H. Farhat},
      year=1987,
      title={A simple and efficient automatic {FEM} domain decomposer},
      institution={University of Colorado},
      address={Boulder, Colorado}
}

@TECHREPORT{Mey87,
      author={Y. Meyer},
      year=1987,
      title={Ondelettes, fonctions splines et analyses gradu\'ees},
      institution={Ceremade 8703},
      address={Universit\'e Paris Dauphine}
}

@TECHREPORT{AzDaMa94,
      author={Mejdi Azaiez and Monique Dauge and Yvon Maday},
      year=1994,
      title={M\'ethodes spectrales et des \'el\'ements spectraux},
      institution={Institut de Recherche Math\'ematique de Rennes},
        address={Universit\'e de Rennes, France}
}

@TECHREPORT{Jol95,
      author={P. Joly},
      year=1995,
      title={R\'esolution de l'\'equation de {B}urgers par paquets d'ondelettes},
      institution={Laboratoire d'Analyse Num\'erique},
      address={Universit\'e Pierre et Marie Curie, Paris}
}

%%%%%%%%%%%%%%%%%%%%%%%
%  IN PROCEEDINGS
%%%%%%%%%%%%%%%%%%%%%%%

@INPROCEEDINGS{StSuSh01,
      author ={C. Stidham and M. P. S\"uss and J. H. Shaw},
      booktitle={Geological Society of America 2001 annual meeting abstracts},
      title={3{D} density and velocity model of the {L}os {A}ngeles basin},
      publisher={Geological Society of America},
      volume=33,
      pages={299},
      year=2001
}

@INPROCEEDINGS{Gra96b,
      author={R. W. Graves},
      year=1996,
      title={Simulating realistic earthquake ground motions in regions of deep sedimentary basins},
      booktitle={Proceedings of the 11th World Conference on Earthquake Engineering},
      address={Acapulco, Mexico}
}

@INPROCEEDINGS{JoKoVi95,
      author={P. Joly and D. Komatitsch and J. P. Vilotte},
      year=1995,
      title={Solution of the wave equation by a wavelet basis approximation},
      booktitle={Proceedings of the Enumath'1995 conference},
      address={Paris, France}
}

@INPROCEEDINGS{ShSuRi99,
      author={J. H. Shaw and P. S\"uss and C. Rivero},
      year=1999,
      title={Structural and seismologic investigations of concealed earthquake sources in the {L}os {A}ngeles metropolitan area},
      booktitle={SCEC Annual Meeting},
      address={Palm Springs, California}
}

@INPROCEEDINGS{WinBoyd96,
      author ={B. A. Wingate  and J. P. Boyd},
      booktitle={Proceedings of the Third International Conference on Spectral and High-order Methods},
      title={Spectral element methods on triangles for geophysical fluid dynamics problems},
      editor={A. V. Ilin and L. R. Scott},
      publisher={Houston J. Mathematics},
      pages={305-314},
      year=1996,
      address={Houston, Texas}
}

@INPROCEEDINGS{SePrPr95,
      author ={G. Seriani and E. Priolo and A. Pregarz},
      booktitle={Proceedings of the third international conference on mathematical and numerical aspects of wave propagation},
      title={Modelling waves in anisotropic media by a spectral element method},
      editor={G. Cohen},
      publisher={SIAM, Philadephia, PA},
      pages={289-298},
      year=1995
}

@INPROCEEDINGS{BeMaPa94,
      author ={C. Bernardi and Y. Maday and A. T. Patera},
      booktitle={Nonlinear partial differential equations and their applications},
      title={A new nonconforming approach to domain decomposition: the {M}ortar element method},
      editor={H. Brezis and J. L. Lions},
      series={S\'eminaires du Coll\`ege de France},
      publisher={Pitman},
      pages={13-51},
      address={Paris},
      year=1994
}

@INPROCEEDINGS{SaBeBi96,
      author={F. J. S\'anchez-Sesma and R. Benites and J. Bielak},
      year=1996,
      title={The assessment of strong ground motion: what lies ahead?},
      booktitle={Proceedings of the 11th World Conference on Earthquake Engineering},
      note={Acapulco, Mexico, June 1996},
      pages={1-19}
}

@INPROCEEDINGS{CoJoTo93,
      author={G. Cohen and P. Joly and N. Tordjman},
      year=1993,
      title={Construction and analysis of higher-order finite elements with mass lumping for the wave equation},
      booktitle={Proceedings of the second international conference on mathematical
and numerical aspects of wave propagation},
      editor={R. Kleinman},
      publisher={SIAM, Philadephia, PA},
      pages={152-160}
}

@INPROCEEDINGS{MaPa89,
      author={Y. Maday and A. T. Patera},
      year=1989,
      title={Spectral element methods for the incompressible {N}avier-{S}tokes equations},
      booktitle={State of the art survey in computational mechanics},
      note={A. K. Noor and J. T. Oden editors},
      pages={71-143}
}

@INPROCEEDINGS{GoHa72,
      author={W. J. Gordon and C. A. Hall},
      year=1972,
      booktitle={Geometric aspects of the finite element method, with applications
to partial differential equations},
      note={A. K. Aziz editor},
      publisher={Academic Press},
      pages={769-784}
}

@INPROCEEDINGS{LiBiGa92,
      author={X. Li and J. Bielak and O. Ghattas},
      year=1992,
      title={Three-dimensional earthquake response on a {CM}2},
      booktitle={Proc. 10th World Conf. Earthquake Eng.},
      note={Madrid, Spain},
      pages={959-964}
}

@INCOLLECTION{Aki88,
      author={K. Aki},
      year=1988,
      title={Local site effects on strong ground motion},
      booktitle={Earthquake Engineering and Soil Dynamics II- Recent
advances in ground motion evaluation},
      series={Geothechnical Special Publication},
      editor={J.L. Von Thun},
      publisher={American Society of Civil Engineering},
      address={New-York},
      volume=20,
      pages={103-155}
}

@INPROCEEDINGS{Coh88,
      author={G. Cohen},
      year=1988,
      title={Schemes fourth-order in time and space for 2{D} elastodynamics equations},
      booktitle={Expanded abstracts of the Soc. Expl. Geophys.},
      note={58th international meeting of the SEG},
      pages={1288-1291}
}

@INPROCEEDINGS{KuBe88,
      author={B. Kummer and A. Behle},
      year=1988,
      title={Fast modeling of seismic waves in laterally inhomogeneous media},
      booktitle={Expanded abstracts of the Soc. Expl. Geophys.},
      note={58th international meeting of the SEG},
      pages={1175-1177}
}

@INPROCEEDINGS{RoMo92,
      author={D. Rodrigues and P. Mora},
      year=1992,
      title={Analysis of a finite difference solution to 3-{D} elastic wave propagation},
      booktitle={Expanded abstracts of the Soc. Expl. Geophys.},
      note={62nd international meeting of the SEG},
      pages={1247-1250}
}

@INPROCEEDINGS{RoMo93,
      author={D. Rodrigues and P. Mora},
      year=1993,
      title={Implementation of the free surface boundary condition in 2-{D} and 3-{D} elastic cases},
      booktitle={Expanded abstracts of the Soc. Expl. Geophys.},
      note={63rd international meeting of the SEG},
      pages={215-217}
}

@INPROCEEDINGS{GlLaRaTe90,
      author={R. Glowinski and W. Lawton and M. Ravachol and E. Tenebaum},
      year=1990,
      title={Wavelet solution of linear and nonlinear elliptic, parabolic and hyperbolic problems in one space dimension},
      booktitle={Proceedings of the 9th International Conference on Numerical Methods in Applied Sciences and Engineering},
      address={SIAM, Philadelphia}
}

%%%%%%%%%%%%%%%%%%%%%%%%%%%
%  Ph.D. THESIS
%%%%%%%%%%%%%%%%%%%%%%%%%%%

@PHDTHESIS{Amp02,
      author={Jean-Paul Ampuero},
      year=2002,
      school={Institut de Physique du Globe},
      address={Paris, France},
      title={Etude physique et num\'erique de la nucl\'eation des s\'eismes ({A} physical and numerical study of earthquake nucleation)}
}

@PHDTHESIS{Jon02,
      author={S. J\'onsson},
      year=2002,
      title={Modeling volcano and earthquake deformation from satellite {R}adar interferometric observations},
      school={Stanford University},
      address={California}
}

@PHDTHESIS{Ped94,
      author={H. A. Pedersen},
      year=1994,
      title={{\'E}tude de la diffraction tridimensionnelle des ondes sismiques
dans des structures \`a g\'eom\'etrie bidimensionnelle, d\'eveloppement th\'eorique et applications},
      school={Universit\'e Joseph Fourier},
      address={Grenoble}
}

@PHDTHESIS{Tho94,
      author={L. L. Thompson},
      year=1994,
      title={Design and analysis of space-time and
{G}alerkin-{L}east-{S}quares finite element methods for fluid-structure
interactions in exterior domains},
      school={Stanford University},
      address={California}
}

@PHDTHESIS{Ron88,
      author={E. M. R{\o}nquist},
      year=1988,
      title={Optimal spectral element methods for the unsteady three-dimensional incompressible {N}avier-{S}tokes equations},
      school={Massachussets Institute of Technology},
      address={Massachussets}
}

@PHDTHESIS{Dou94,
      author={Christophe Doursat},
      year=1994,
      school={Universit\'e Paris {\sc VI} Jussieu},
      address={Paris},
      title={Qualit\'es, d\'efauts et am\'eliorations des maillages alg\'ebriques et elliptiques}
}

@PHDTHESIS{Ige93,
      author={Heiner Igel},
      year=1993,
      school={Universit\'e Paris {\sc VII} Jussieu},
      address={Paris},
      title={Seismic modeling and inversion}
}

@PHDTHESIS{Zen96,
      author={X. Zeng},
      year=1996,
      school={University of Toronto},
      address={Canada},
      title={Finite difference modeling of viscoelastic wave propagation in a generally heterogeneous medium in the time domain, and a dissection method in the frequency domain}
}

@PHDTHESIS{Val87,
      author={B. Valette},
      year=1987,
      school={Universit\'e Paris {\sc VI} Jussieu},
      address={Paris},
      title={Spectre des oscillations libres de la {T}erre: aspects math\'ematiques et g\'eophysiques (spectrum of the free oscillations of the {E}arth: mathematical and geophysical aspects)},
      note={th\`ese d'\'etat}
}

@PHDTHESIS{Rio97,
      author={Bruno Riollet},
      year=1997,
      school={Universit\'e Paris {\sc VII} Jussieu},
      address={Paris},
      title={Simulation num\'erique de la propagation d'ondes sismiques en milieu fractur\'e ({N}umerical simulation of wave propagation in media with cracks)}
}

@PHDTHESIS{Tor95,
      author={Nathalie Tordjman},
      year=1995,
      school={Universit\'e Paris {\sc IX} Dauphine},
      address={Paris, France},
      title={{\'E}l\'ements finis d'ordre \'elev\'e avec condensation de masse pour l'\'equation des ondes}
}

@PHDTHESIS{Hul89,
      author={G. M. Hulbert},
      year=1989,
      title={Space-time finite element methods for second-order hyperbolic equations},
      school={Stanford University},
      address={Stanford}
}

@PHDTHESIS{Ch00,
      author={E. Chaljub},
      year=2000,
      school={Universit\'e Paris {\sc VII} Denis Diderot},
      address={Paris, France},
      title={Mod\'elisation num\'erique de la propagation d'ondes sismiques
en g\'eom\'etrie sph\'erique: application \`a la sismologie globale ({N}umerical modeling of the propagation of seismic waves in spherical
      geometry: applications to global seismology)}
}

@PHDTHESIS{Ca00,
      author={Y. Capdeville},
      year=2000,
      school={Universit\'e Paris {\sc VII} Denis Diderot},
      address={Paris, France},
      title={M\'ethode coupl\'ee \'el\'ements spectraux - solution modale pour la propagation d'ondes dans la {T}erre \`a l'\'echelle globale ({A} coupled method using spectral elements and normal modes for global wave propagation in the {E}arth)}
}

@PHDTHESIS{Kom97,
      author={Dimitri Komatitsch},
      year=1997,
      school={Institut de Physique du Globe},
      address={Paris, France},
      title={M\'ethodes spectrales et \'el\'ements spectraux pour l'\'equation de l'\'elastodynamique 2{D} et 3{D} en milieu h\'et\'erog\`ene ({S}pectral and spectral-element methods for the 2{D} and 3{D} elastodynamics equations in heterogeneous media)}
}

@PHDTHESIS{jjt,
      author={J. J. Torrens},
      year=1991,
      school={Universidad de Zaragoza},
      address={Zaragoza, Espa{\~{n}}a},
      note={186 p.},
      title={Interpolaci\'on de superficies param\'etricas con discontinuidades mediante, elementos finitos, aplicaciones}
}

@PHDTHESIS{ab,
      author={A. Bouhamidi},
      year=1992,
      school={Universit\'e de Nantes},
      address={Nantes, France},
      note={190 p.},
      title={Interpolation et approximation par des fonctions splines radiales \`a plusieurs variables}
}

@PHDTHESIS{cgthesis,
      author={C. Gout},
      year=1997,
      school={Universit\'e de Pau et des Pays de l'Adour},
      address={Pau, France},
      note={203 p.},
      title={Etude de changements d'\'echelle en approximation -- ajustement spline sur des morceaux de surfaces},
}

@PHDTHESIS{da,
      author={D. Apprato},
      year=1987,
      school={Universit\'e de Pau et des Pays de l'Adour},
      address={Pau, France},
      title={Approximation de surfaces param\'etr\'ees par \'el\'ements finis},
      note={Th\`ese d'Etat, 142 p.}
}

@PHDTHESIS{Rod93,
      author={Dominique Rodrigues},
      year=1993,
      school={\'Ecole Centrale de Paris},
      address={Paris},
      title={Simulation de la propagation d'ondes sismiques
      sur machine massivement parall\`ele}
}

@PHDTHESIS{Mod86,
      author={H. Modaressi},
      year=1986,
      school={\'Ecole Centrale de Paris},
      address={Paris},
      title={Mod\'elisation par \'el\'ements finis de
      la propagation des ondes en milieu poreux satur\'e,
      application au g\'enie parasismique}
}

@PHDTHESIS{Fis89,
      author={P. F. Fischer},
      year=1989,
      school={Massachusetts Institute of Technology},
      address={Cambridge, Massachusetts},
      title={Spectral element solution of the {N}avier-{S}tokes equations on high performance distributed-memory parallel processors}
}


%%%%%%%%%%%%%%%%%%%%%%%%%%%
%  ARTICLES
%%%%%%%%%%%%%%%%%%%%%%%%%%%

@ARTICLE{finketal1989,
author={M. Fink and C. Prada and F. Wu and D. Cassereau},
title={Self focusing in inhomogeneous media with time reversal acoustic
mirrors},
journal={IEEE Ultras. Symp. Proc.},
year=1989,
volume=1,
pages={681--686}
}

@ARTICLE{fink1992,
author={M. Fink},
title={Time reversal of {U}ltrasonic field - {P}art {I}: {B}asic
principles},
journal={IEEE Trans. Ultras. Ferroelec. Freq. Contr.},
year=1992,
volume=39,
pages={555--566}
}

@ARTICLE{fink1997,
author={M. Fink},
title={Time reversed acoustics},
journal={Phys. Today},
year=1997,
volume=50,
pages={34--40}
}

@ARTICLE{bungeetal2003,
author={H.-P. Bunge and C. R. Hagelberg and B. J. Travis},
title={Mantle circulation models with variational data
assimilation: inferring past mantle flow and structure from
plate motion histories and seismic tomography},
journal=gji,
year=2003,
volume=152,
pages={280--301}
}

@ARTICLE{Ji2002a,
author={C. Ji and D. J. Wald and D. V. Helmberger},
title={Source description of the 1999 {Hector Mine, California} earthquake; {Part I: Wavelet} Domain Inversion Theory and Resolution Analysis},
journal=bssa,
year=2002,
volume=92,
pages={1192-1207}
}

@ARTICLE{Ji2002d,
author={C. Ji and D. V. Helmberger and D. J. Wald},
title={Preliminary slip history of the 2002 {D}enali earthquake},
journal={EOS Trans. AGU.},
year=2002,
volume=83
}

@ARTICLE{Page1995,
author={R. A. Page and G. Plafker and H. Pulpan},
title={Block rotation in east-central {A}laska: a framework for evaluating earthquake potential?},
Journal ={\it Geology},
year =1995,
volume=23,
pages={629-632}
}

@ARTICLE{Engdahl98,
author={E. R. Engdahl and R. van der Hilst and R. Buland},
title={Global teleseismic earthquake relocation with improved travel times and procedures for depth determination},
journal=bssa,
year=1998,
volume=88,
pages={722-743}
}

@ARTICLE{Koetal94,
      author={F. Alexandre and D. Zerguine and P. Launay and J. L. Benchimol and M. Berz and B. Sermage and D. Komatitsch and M. Juhel},
      year=1994,
      title={Quasi-planar {G}allium {A}rsenide heterojunction bipolar transistor device entirely grown by {C}hemical {B}eam {E}pitaxy},
      journal={J. Crystal Growth},
      volume=136,
      pages={235-240}
}

@ARTICLE{GrLuDoSk96,
  author =       "W. Gropp and E. Lusk and N. Doss and A. Skjellum",
  title =        "A high-performance, portable implementation of the
                 {MPI} message passing interface standard",
  journal =      "Parallel Computing",
  volume =       "22",
  number =       "6",
  pages =        "789--828",
  year =         "1996"
}

@ARTICLE{GrLuDoSk96science,
  author =       "W. Gropp and E. Lusk and N. Doss and A. Skjellum",
  title =        "A high-performance, portable implementation of the
                 {MPI} message passing interface standard",
  journal =      "Parallel Computing",
  volume =       "22",
  pages =        "789--828",
  year =         "1996",
note = "MPI has become a de-facto standard in the parallel computing community, thus ensuring the portability of codes."
}

@ARTICLE{YuPa93,
      author={Y. Yu and J. Park},
      year=1993,
      title={Upper mantle anisotropy and coupled-mode long-period surface waves},
      journal=gji,
      volume=114,
      pages={473-489}
}

G.B. van Baren, W.A. Mulder, and G.C. Herman (2001), Finite-Difference Modeling of Scalar-Wave Propagation in Cracked Media, Geophys. J. Int., Vol.66 (1), 267-276.

@ARTICLE{VaMuHe01,
      author={G. B. {van Baren} and W. A. Mulder and G. C. Herman},
      year=2001,
      title={Finite-Difference Modeling of Scalar-Wave Propagation in Cracked Media},
      journal=geophysics,
      volume=66,
      pages={267-276}
}

@ARTICLE{Toetal00,
      author={C. Thomas and H. Igel and M. Weber and F Scherbaum},
      year=2000,
      title={Acoustic simulation of {P}-wave propagation in a heterogeneous
      spherical {E}arth: numerical method and application to precursor waves to {PKP}df},
      journal=gji,
      volume=141,
      pages={6441-6464}
}

@ARTICLE{IgGe00,
      author={H. Igel and R.J. Geller},
      year=2000,
      title={Numerical modeling of global seismic wave propagation:
      algorithms, accuracy, verification},
      journal=pepi,
      volume=119,
      pages={1-2}
}

@ARTICLE{Pa86,
      author={J. Park},
      year=1986,
      title={Synthetic seismograms from coupled free oscillations:
      the effects of lateral structure and rotation},
      journal=jgr,
      volume=91,
      pages={6441-6464}
}

@ARTICLE{PaGi86,
      author={J. Park and F. Gilbert},
      year=1986,
      title={Coupled free oscillations of an aspherical, dissipative,
      rotating {E}arth: {G}alerkin theory},
      journal=jgr,
      volume=91,
      pages={7241-7260}
}

@ARTICLE{gilbert70,
author={F. Gilbert},
title={Excitation of the normal modes of the Earth by earthquake sources},
journal={Geophys. J. Roy. Astron. Soc.},
year=1970,
volume=22,
pages={223--226},
}

@ARTICLE{PaYu92,
      author={J. Park and Y. Yu},
      year=1992,
      title={Anisotropy and coupled free oscillations:
      simplified models and surface wave observations},
      journal=gji,
      volume=110,
      pages={401-420}
}

@ARTICLE{Tau96,
      author={G. Taubes},
      year=1996,
      title={Do-it-yourself supercomputers},
      journal="Science",
      volume=274,
      pages={1840}
}

@ARTICLE{LoRo90,
      author={P. Lognonn\'{e} and B. Romanowicz},
      year=1990,
      title={Modeling of coupled normal modes of the {E}arth: the spectral method},
      journal=gji,
      volume=102,
      pages={365-395}
}

@ARTICLE{Lo91,
      author={P. Lognonn\'{e}},
      year=1991,
      title={Normal modes and seismograms in an anelastic rotating {E}arth},
      journal=jgr,
      volume=91,
      pages={20309-20319}
}

@ARTICLE{Caetal00,
      author={Y. Capdeville and E. Stutzmann and J.P. Montagner},
      year=2000,
      title={Effect of a plume on long-period surface waves computed with normal-mode coupling},
      journal=pepi,
      volume=119,
      pages={54--71}
}

@ARTICLE{Caetal05,
      author={Y. Capdeville and Y. Gung and B. Romanowicz},
      year=2005,
      title={Towards global earth tomography using the spectral element method: a technique based on source stacking},
      journal=gji,
      volume=162,
      pages={541--554}
}

@ARTICLE{zhang2004a,
      author={J. Zhang},
      year=2004,
      title={Elastic wave modelling in heterogeneous media with high velocity contrasts},
      journal=gji,
      volume=159,
      pages={223--239}
}

@ARTICLE{zhang2004b,
      author={J. Zhang},
      year=2004,
      title={Wave propagation across fluid-solid interfaces: a grid method approach},
      journal=gji,
      volume=159,
      pages={240--252}
}

@ARTICLE{zhangliu2002,
      author={J. Zhang and T. Liu},
      year=2002,
      title={Elastic wave modelling in 3D heterogeneous media: 3D grid method},
      journal=gji,
      volume=150,
      pages={780--799}
}

@ARTICLE{HoKe2002,
      author={T.-K. Hong and B.L.N. Kennett},
      year=2002,
      title={A wavelet-based method for simulation of two-dimensional elastic wave propagation},
      journal=gji,
      volume=150,
      pages={610--638}
}

@ARTICLE{KeEn91,
      author={B. L. N. Kennett and E. R. Engdahl},
      year=1991,
      title={Traveltimes for global earthquake location and phase identification},
      journal=gji,
      volume=105,
      pages={429--465}
}

@ARTICLE{KeEnBu95,
      author={B. L. N. Kennett and E. R. Engdahl and R. Buland},
      year=1995,
      title={Constraints on seismic velocities in the Earth from traveltimes},
      journal=gji,
      volume=122,
      pages={108--124}
}

@ARTICLE{Zin00,
      author={David W. Zingg},
      year=2000,
      title={Comparison of High-Accuracy Finite-Difference Methods for Linear Wave Propagation},
      journal={SIAM Journal on Scientific Computing},
      volume=22,
      number=2,
      pages={476-502},
      doi={10.1137/S1064827599350320},
      note="doi: 10.1137/S1064827599350320"
}

@ARTICLE{ZiLoJu96,
      author={David W. Zingg and Harvard Lomax and Henry Jurgens},
      year=1996,
      title={High-Accuracy Finite-Difference Schemes for Linear Wave Propagation},
      journal={SIAM Journal on Scientific Computing},       volume=17,
      number=2,
      pages={328-346},
      doi={10.1137/S1064827594267173},
      note="doi: 10.1137/S1064827594267173"
}

@ARTICLE{Haetal91,
      author={T. Hara and S. Tsuboi and R.J. Geller},
      year=1991,
      title={Inversion for laterally heterogeneous {E}arth structure using
      a laterally heterogeneous starting model: preliminary results},       journal=gji,
      volume=104,       pages={523-540}
}

@ARTICLE{Hara2004,
      author={T. Hara},
      year=2004,
      title={Waveform inversion for 3-D earth structure using the direct solution method implemented on vector-parallel supercomputer},
      journal=pepi,
      volume=146,
      pages={65--74}
}

@ARTICLE{TaGe03,
      author={N. Takeuchi and R.J. Geller},
      year=2003,
      title={Accurate numerical methods for solving the
elastic equation of motion for arbitrary source locations},
      journal=gji,
      volume=154,
      pages={852--866}
}

@ARTICLE{Taetal00,
      author={N. Takeuchi and R.J. Geller and P.R. Cummins},
      year=2000,
      title={Complete synthetic seismograms for {3-D} heterogeneous {E}arth models computed using
      modified {DSM} operators and their applicability to inversion for {E}arth structure},
      journal=pepi,
      volume=119,
      pages={25--36}
}

@ARTICLE{Ta05,
      author={N. Takeuchi},
      year=2005,
      title={Finite boundary perturbation theory for the elastic equation of motion},
      journal=gji,
      volume=160,
      pages={1044--1058}
}

@ARTICLE{Pel90,
      author={R. B. Pelz},
      year=1990,
      title={Pseudospectral methods on massively parallel computers},
      journal=cmame,
      volume=80,
      pages={493-503}
}

@ARTICLE{GuBa86a,
      author={B. Guo and I. Babu\u{s}ka},
      year=1986,
      title={The {\it h-p} version of the finite element method},
      journal={Comput. Mech.},
      volume=1,
      pages={21-41}
}

@ARTICLE{GuBa86b,
      author={W. Gui and I. Babu\u{s}ka},
      year=1986,
      title={The {\it h}, {\it p} and {\it h-p} versions of the finite element method in one dimension},
      journal={Numer. Math.},
      volume=49,
      pages={577-683}
}

@ARTICLE{SaOd93,
      author={A. Safjan and J. T. Oden},
      year=1993,
      title={High-order {T}aylor-{G}alerkin and adaptative {\it h-p} methods for second-order hyperbolic systems: application to elastodynamics},
      journal=cmame,
      volume=103,
      pages={187-230}
}

@ARTICLE{FiHoKaRoPa88,
      author={P. F. Fischer and L. W. Ho and G. E. Karniadakis and E. M. R{\o}nquist  and A. T. Patera},
      year=1988,
      title={Recent advances in parallel spectral element simulation of unsteady incompressible flows},
      journal={Computers and Structures},
      volume=30,
      pages={217-231}
}

@ARTICLE{Fis90,
      author={P. F. Fischer},
      year=1990,
      title={Analysis and application of a parallel spectral element method
for the solution of the {N}avier-{S}tokes equations},
      journal=cmame,
      volume=80,
      pages={483-491}
}

@ARTICLE{RiVa00,
      author={J. Ritsema and H. J. {Van Heijst}},
      year=2000,
      title={Seismic imaging of structural heterogeneity in {E}arth's mantle: Evidence for large-scale mantle flow},
      journal={Science Progress},
      volume=83,
      pages={243-259}
}

@ARTICLE{RiVaWo99,
      author={J. Ritsema and H. J. {Van Heijst} and J. H. Woodhouse},
      year=1999,
      title={Complex shear velocity structure imaged beneath {A}frica and {I}celand},
      journal={Science},
      volume=286,
      pages={1925-1928}
}

@ARTICLE{Cow41,
      author={T. G. Cowling},
      year=1941,
      title={The non-radial oscillations of polytropic stars},
      journal={Mon. Not. Roy. Astron. Soc.},
      volume=101,
      pages={369-373}
}

@ARTICLE{PeOlMa2001,
      author={S. Peyrat and K. B. Olsen and R. Madariaga},
      year=2001,
      title={Dynamic modeling of the 1992 {L}anders earthquake},
      journal=jgr,
      volume=106,
      pages={26467-26482}
}

@ARTICLE{Ols2000,
      author={K. B. Olsen},
      year=2000,
      title={Site amplification in the {L}os {A}ngeles basin from three-dimensional modeling of ground motion},
      journal=bssa,
      volume=90,
      pages={S77-S94}
}

@ARTICLE{OlMaAr97,
      author={K. B. Olsen and R. Madariaga and R. J. Archuleta},
      year=1997,
      title={Three-dimensional dynamic simulation of the 1992 {L}anders earthquake},
      journal="Science",
      volume=278,
      pages={834-838}
}

@ARTICLE{HaHaFrCaCrMeMi98,
      author={S. Hartzell and S. Harmsen and A. Frankel and D. Carver and E. Cranswick and M. Meremonte and J. Michael},
      year=1998,
      title={First-generation site-response maps for the {L}os {A}ngeles region based on earthquake ground motions},
      journal=bssa,
      volume=88,
      pages={463-472}
}

@ARTICLE{Hau90,
      author={E. Hauksson},
      year=1990,
      title={Earthquakes, faulting, and stress in the {L}os {A}ngeles basin},
      journal=jgr,
      volume=95,
      pages={15365-15394}
}

@ARTICLE{JiHeWa2000,
      author={C. Ji and D. V. Helmberger and D. J. Wald},
      year=2000,
      title={Basin structure estimation by waveform modeling: forward and inverse methods},
      journal=bssa,
      volume=90,
      pages={964-976}
}

@ARTICLE{Mad87,
      author={R. Madariaga},
      year=1987,
      title={Seismology, theoretical},
      journal={Encyclopedia of Physical Science and Technology},
      volume=12,
      pages={519-533}
}

@ARTICLE{Mad76,
      author={R. Madariaga},
      year=1976,
      title={Dynamics of an expanding circular fault},
      journal=bssa,
      volume=65,
      pages={163-182}
}

@ARTICLE{OhCh97,
      author={T. Ohminato and B. A. Chouet},
      year=1997,
      title={A free-surface boundary condition for including 3{D} topography in the finite difference method},
      journal=bssa,
      volume=87,
      pages={494-515}
}

@ARTICLE{ViMa82,
      author={J. Virieux and R. Madariaga},
      year=1982,
      title={Dynamic faulting studied by a finite difference method},
      journal=bssa,
      volume=72,
      pages={345-369}
}

@ARTICLE{Kli96,
      author={L. Klimes},
      year=1996,
      title={Accuracy of elastic finite differences in smooth media},
      journal=pageoph,
      volume=148,
      number=1,
      pages={39-76}
}

@ARTICLE{Bou96,
      author={M. Bouchon},
      year=1996,
      title={The discrete wave number formulation of boundary integral equations and boundary element methods: a review with applications to the simulation of seismic wave propagation in complex geological structures},
      journal=pageoph,
      volume=148,
      number=1,
      pages={3-20}
}

@ARTICLE{PeTo95,
      author={C. B. Peng and M. Nafi T\"oksoz},
      year=1995,
      title={An optimal absorbing boundary condition for elastic wave modeling},
      journal=geophysics,
      volume=60,
      pages={296-301}
}

@ARTICLE{BoScTo96,
      author={M. Bouchon and C. A. Schultz and M. Nafi T\"oksoz},
      year=1996,
      title={Effect of three-dimensional topography on seismic motion},
      journal=jgr,
      volume=101,
      pages={5835-5846}
}

@ARTICLE{BoBa96,
      author={M. Bouchon and J. S. Barker},
      year=1996,
      title={Seismic response of a hill: the example of {T}arzana, {C}alifornia},
      journal=bssa,
      volume=86,
      number={1A},
      pages={66-72}
}

@ARTICLE{ThPi96a,
      author={L. L. Thompson and P. Pinsky},
      year=1996,
      title={A space-time finite element method for structural
acoustics in infinite domains. Part 1: formulation, stability and convergence},
      journal=cmame,
      volume=132,
      pages={195-227}
}

@ARTICLE{ThPi96b,
      author={L. L. Thompson and P. Pinsky},
      year=1996,
      title={A space-time finite element method for structural
acoustics in infinite domains. Part 2: Exact time-dependent
non-reflecting boundary conditions},
      journal=cmame,
      volume=132,
      pages={229-258}
}

@ARTICLE{SpHeLe96,
      author={P. Spudich and M. Hellweg and W. H. K. Lee},
      year=1996,
      title={Directional topographic site response at {T}arzana observed in aftershocks of the 1994 {N}orthridge, {C}alifornia, earthquake: implications for mainshock motions},
      journal=bssa,
      volume=86,
      number={1B},
      pages={S193-S208}
}

@ARTICLE{GaLiDaKn96,
      author={S. Gao and H. Liu and P. M. Davis and L. Knopoff},
      year=1996,
      title={Localized amplification of seismic waves and correlation
with damage due to the {N}orthridge earthquake: evidence for focusing
in {S}anta {M}onica},
      journal=bssa,
      volume=86,
      number={1B},
      pages={S209-S230}
}

@ARTICLE{Sim92,
      author={J. C. Simo},
      year=1992,
      title={Algorithms for static and dynamic multiplicative
plasticity that preserve the classical return mapping schemes of the
infinitesimal theory},
      journal=cmame,
      volume=99,
      pages={61-112}
}

@ARTICLE{SiTaWo92,
      author={J. C. Simo and N. Tarnow and K. K. Wong},
      year=1992,
      title={Exact energy-momentum conserving algorithms and symplectic schemes for nonlinear dynamics},
      journal=cmame,
      volume=100,
      pages={63-116}
}

@ARTICLE{HuCh92,
      author={G. M. Hulbert and J. Chung},
      year=1992,
      title={A new explicit time integration method for structural dynamics: the explicit generalized $\alpha$-method},
      journal={New Methods in Transient Analysis},
      volume=143,
      pages={73-78}
}

@ARTICLE{LyKu69,
      author={J. Lysmer and R. L. Kuhlemeyer},
      year=1969,
      title={Finite dynamic model for infinite media},
      journal={J. Eng. Mech. Div. ASCE 95 EM},
      volume=4,
      pages={859-877}
}

@ARTICLE{Lap61,
      author={E. R. Lapwood},
      year=1961,
      title={The transmission of a {R}ayleigh pulse round a corner},
      journal={Geophys. J.},
      volume=4,
      pages={174-196}
}

@ARTICLE{BeDeMa90,
      author={C. Bernardi and N. Debit and Y. Maday},
      year=1990,
      title={Coupling finite element and spectral methods: first results},
      journal={Mathematics of Computation},
      volume=54,
      pages={21-39}
}

@ARTICLE{Deb58,
      author={J. C. de Bremaecker},
      year=1958,
      title={Transmission and reflection of {R}ayleigh waves at corners},
      journal=geophysics,
      volume=23,
      pages={253-266}
}

@ARTICLE{Khu85,
      author={M. J. Khun},
      year=1985,
      title={A numerical study of {L}amb's problem},
      journal=gp,
      volume=33,
      pages={1103-1137}
}

@ARTICLE{Ott71,
      author={M. Ottaviani},
      year=1971,
      title={Elastic wave propagation in two evenly-welded
quarter-spaces},
      journal=bssa,
      volume=61,
      number=5,
      pages={1119-1152}
}

@ARTICLE{Gar56,
      author={W. W. Garvin},
      year=1956,
      title={Exact transient solution of the buried line source problem},
      journal={Proc. R. Soc. London Ser. A},
      volume=234,
      pages={528-541}
}

@ARTICLE{Car90,
      author={J. M. Carcione},
      year=1990,
      title={Wave propagation in anisotropic linear viscoelastic media: theory and simulated wavefields},
      journal=gji,
      volume=101,
      pages={739-750}
}

@ARTICLE{PrCaSe94,
      author={E. Priolo and J. M. Carcione and G. Seriani},
      year=1994,
      title={Numerical simulation of interface waves by high-order
spectral modeling techniques},
      journal=jasa,
      volume=95,
      number=2,
      pages={681-693}
}

@ARTICLE{CaKoKo88,
      author={J. M. Carcione and D. Kosloff and R. Kosloff},
      year=1988,
      title={Wave propagation simulation in an elastic anisotropic (transversely isotropic) solid},
      journal={Q. J. Mech. Appl. Math.},
      volume=41,
      number=3,
      pages={319-345}
}

@ARTICLE{Whi82,
      author={J. E. White},
      year=1982,
      title={Computed waveforms in transversely isotropic media},
      journal=geophysics,
      volume=47,
      number=5,
      pages={771-783}
}

@ARTICLE{SaSh02,
      author={E. H. Saenger and S. A. Shapiro},
      year=2002,
      title={Effective velocities in fractured media: a numerical study using the rotated staggered finite-difference grid},
      journal={Geophysical Prospecting},
      volume=50,
      pages={183-194}
}

@ARTICLE{Sto24,
      author={R. Stoneley},
      year=1924,
      title={Elastic waves at the surface of separation of
two solids},
      journal={Proc. R. Soc. London Ser. A},
      volume=106,
      pages={416-428}
}

@ARTICLE{Ray87,
      author={Lord J. W. S. Rayleigh},
      year=1887,
      title={On waves propagated along the plane surface
of an elastic solid},
      journal={Proc. London Math. Soc.},
      volume=17,
      pages={4-11}
}

@ARTICLE{Lam04,
      author={H. Lamb},
      year=1904,
      title={On the propagation of tremors over the surface
of an elastic solid},
      journal={Phil. Trans. R. Soc. London. Ser. A},
      volume=203,
      pages={1-42}
}

@ARTICLE{Bou81,
      author={M. Bouchon},
      year=1981,
      title={A simple method to calculate {G}reen's functions for
      elastic layered media},
      journal=bssa,
      volume=71,
      pages={959-971}
}

@ARTICLE{BoCaGa89,
      author={M. Bouchon and M. Campillo and S. Gaffet},
      year={1989},
      title={A boundary integral
      equation-discrete wavenumber representation method to study wave
      propagation in multilayered media having irregular interfaces},
      journal=geophysics,
      volume=54,
      pages={1134-1140}
}

@ARTICLE{Car94,
      author={J. M. Carcione},
      year=1994,
      title={The wave equation in generalized coordinates},
      journal= geophysics,
      volume=59,
      pages={1911-1919}
}

@ARTICLE{Car96,
      author={J. M. Carcione},
        year=1996,
        title={A 2{D} {C}hebyshev differential operator for the elastic wave equation},
        journal= cmame,
        volume=130,
        pages={33-45}
}


@ARTICLE{KaKr99,
      author={I. Kay and E. S. Krebes},
        year=1999,
        title={Applying finite element analysis to the memory
variable formulation of wave propagation in anelastic media},
        journal= geophysics,
        volume=64,
        pages={300-307}
}

@ARTICLE{EmKo87,
      author={H. Emmerich and M. Korn},
        year=1987,
        title={Incorporation of attenuation into time-domain computations of seismic wave fields},
        journal= geophysics,
        volume=52,
        pages={1252-1264}
}

@ARTICLE{Day98,
      author={S. M. Day},
        year=1998,
        title={Efficient simulation of constant {{\it Q}} using coarse-grained memory variables},
        journal= bssa,
        volume=88,
        pages={1051-1062}
}

@ARTICLE{LiAnKa76,
      author={H. P. Liu and D. L. Anderson and H. Kanamori},
        year=1976,
        title={Velocity dispersion due to anelasticity: implications
for seismology and mantle composition},
        journal= gjras,
        volume=47,
        pages={41-58}
}

@ARTICLE{CaKoKo88b,
      author={J. M. Carcione and D. Kosloff and R. Kosloff},
      year=1988,
      title={Wave propagation simulation in a linear viscoelastic medium},
      journal= gji,
      volume=95,
      pages={597-611}
}

@ARTICLE{CaWa93,
      author={J. M. Carcione and P. J. Wang},
      year=1993,
      title={A {C}hebyshev Collocation Method for the Wave Equation in Generalized Coordinates},
      journal={Comp. Fluid Dyn. J.},
      volume=2,
      pages={269-290}
}

@ARTICLE{CeKoKoRe85,
      author={C. Cerjan and D. Kosloff and R. Kosloff and M. Reshef},
      year = 1985,
      title={A nonreflecting boundary condition for discrete acoustic and elastic
      wave equation},
      journal=geophysics,
      volume=50,
      pages={705-708}
}

@ARTICLE{EnMa77,
      author={B. Engquist and A. Majda},
      year=1977,
      title={Absorbing boundary conditions for the numerical simulation of waves},
      journal={Math. Comp.},
      volume=31,
      pages={629-651}
}

@ARTICLE{ClEn77,
      author={R. Clayton and B. Engquist},
      year=1977,
      title={Absorbing boundary conditions for acoustic and elastic wave equations},
      journal=bssa,
      volume=67,
      pages={1529-1540}
}

@ARTICLE{CoFrLe28,
      author={R. Courant and K. O. Friedrichs and H. Lewy},
      year=1928,
      title={Uber die partiellen Differenzengleichungen der
      mathematischen Physik},
      journal={Math. Ann.},
      volume=100,
      pages={32-74}
}

@ARTICLE{CoIsRe52,
      author={R. Courant and E. Isaacson and M. Rees},
      year=1952,
      title={On the solution of nonlinear hyperbolic differential
      equations by finite differences},
      journal={Communications on Pure and Applied Mathematics},
      volume=5,
      pages={243-255}
}

@ARTICLE{Cra84,
      author={S. Crampin},
      year=1984,
      title={An introduction to wave propagation in
      anisotropic media},
      journal=gjras,
      volume=76,
      pages={17-28}
}

@ARTICLE{Hoo60,
      author={A. T. de Hoop},
      year=1960,
      title={A modification of {C}agniard's method for solving seismic pulse
      problems},
      journal={Applied Science Research},
      volume={B8},
      pages={349-356}
}

@ARTICLE{For88,
      author={B. Fornberg},
      year=1988,
      title={The pseudospectral method: accurate
      representation of interfaces in elastic wave calculations},
      journal=geophysics,
      volume=53,
      pages={625-637}
}

@ARTICLE{GaBo89,
      author={S. Gaffet and M. Bouchon},
      year=1989,
      title="Effects of two-dimensional
      topographies using the discrete wavenumber-boundary integral equation
      method in {{\it P-SV}} cases",
      journal=jasa,
      volume=85,
      pages={2277-2283}
}

@ARTICLE{Hig91,
      author={R. L. Higdon},
      year=1991,
      title={Absorbing boundary conditions for elastic waves},
      journal=geophysics,
      volume=56,
      pages={231-241}
}

@ARTICLE{Hig90,
      author={R. L. Higdon},
      year=1990,
      title={Radiation boundary conditions for elastic wave propagation},
      journal={SIAM J. Numer. Anal.},
      volume=27,
      pages={831-870}
}

@ARTICLE{JaBe92,
      author={C. Jastram and A. Behle},
      year=1992,
      title={Acoustic modeling on a grid of vertically varying spacing},
      journal=gp,
      volume=40,
      pages={157-169}
}

@ARTICLE{JaTe92,
      author={C. Jastram and E. Tessmer},
      year=1992,
      title={Elastic modelling on a grid with vertically varying spacing},
      journal=gp,
      volume=42,
      pages={357-370}
}

@ARTICLE{TeKeKo92,
      author={E. Tessmer and D. Kessler and D. Kosloff and A. Behle},
      year=1992,
      title={Multi-domain {C}hebyshev-{F}ourier method for the solution
of the equations of motion of dynamic elasticity},
      journal=jcp,
      volume=100,
      pages={355-363}
}

@ARTICLE{FuKeFu98,
      author={T. Furumura and B. L. N. Kennett and M. Furumura},
      year=1998,
      title={Seismic wavefield calculation for laterally heterogeneous
whole {E}arth models using the pseudospectral method},
      journal=gji,
      volume=135,
      number=3,
      pages={845-860}
}

@ARTICLE{BiXuGh99,
      author={J. Bielak and J. Xu and O. Ghattas},
      year=1999,
      title={Earthquake ground motion and structural response in alluvial valleys},
      journal="J. Geotech. Geoenv. Eng.",
      volume=125,
      pages={413-423}
}

@ARTICLE{BaBiGhKaOhShXu98,
      author={H. Bao and J. Bielak and O. Ghattas and L. F. Kallivokas and D. R. O'Hallaron and J. R. Shewchuk and J. Xu},
      year=1998,
      title={Large-scale simulation of elastic wave propagation
in heterogeneous media on parallel computers},
      journal=cmame,
      volume=152,
      pages={85-102}
}

@ARTICLE{JiMcDe88,
      author={R. S. Jih and K. L. McLaughlin and Z. A Der},
      year=1988,
      title={Free-boundary conditions of arbitrary polygonal topography in a
two-dimensional explicit elastic finite-difference scheme},
      journal=geophysics,
      volume=53,
      pages={1045-1055}
}

@ARTICLE{KeWaTrAl76,
      author={K. R. Kelly and R. W. Ward and S. Treitel and R. M. Alford},
      year=1976,
      title={Synthetic seismograms: a Finite Difference approach},
      journal=geophysics,
      volume=41,
      pages={2-27}
}

@ARTICLE{mora1987,
      author={P. Mora},
      year=1987,
      title={Nonlinear two-dimensional elastic inversion of
multioffset seismic data},
      journal=geophysics,
      volume=52,
      pages={1211--1228}
}

@ARTICLE{mora1988,
      author={P. Mora},
      year=1988,
      title={Elastic wave-field inversion of reflection and
transmission data},
      journal=geophysics,
      volume=53,
      pages={750--759}
}

@ARTICLE{gee&jordan1992,
      author={L. Gee and T.H. Jordan},
      year=1992,
      title={Generalized {S}eismological {D}ata {F}unctionals},
      journal=gji,
      volume=111,
      pages={363--390}
}

@ARTICLE{poetal2004,
      author={P. Chen and T.H. Jordan and L. Zhao},
      year=2004,
      title={Generalized {S}eismological {D}ata {F}unctionals
({GSDF}) for broadband seismic waveform analysis and inversion},
      journal=gji,
      note={in preparation}
}

@ARTICLE{KoCoMo96,
      author={D. Komatitsch and F. Coutel and P. Mora},
      year=1996,
      title={Tensorial formulation of the wave equation
for modelling curved interfaces},
      journal=gji,
      volume=127,
      pages={156-168}
}

@ARTICLE{KoVi98,
      author={D. Komatitsch and J. P. Vilotte},
      year=1998,
      title={The spectral-element method: an efficient tool to simulate the seismic response of 2{D} and 3{D} geological structures},
      journal=bssa,
      volume=88,
      number=2,
      pages={368-392}
}

@ARTICLE{KoViVaCaSa99,
      author={D. Komatitsch and J. P. Vilotte and R. Vai and J. M. Castillo-Covarrubias and F. J. S\'anchez-Sesma},
      year=1999,
      title={The {S}pectral {E}lement method for elastic wave equations: application to 2{D} and 3{D} seismic problems},
      journal=ijnme,
      volume=45,
      pages={1139-1164}
}

@ARTICLE{KoReLo84,
      author={D. Kosloff and M. Reshef and D. Loewenthal},
      year=1984,
      title={Elastic wave calculations by the {F}ourier method},
      journal=bssa,
      volume=74,
      pages={875-891}
}

@ARTICLE{Mar84,
      author={K. J. Marfurt},
      year=1984,
      title={Accuracy of finite-difference and finite-element modeling of the scalar wave equation},
      journal=geophysics,
      volume=49,
      pages={533-549}
}

@ARTICLE{Rul69,
      author={B. Rulf},
      year=1969,
      title={Rayleigh waves on curved surfaces},
      journal=jasa,
      volume=45,
      pages={493-499}
}

@ARTICLE{Sta88,
      author={R. Stacey},
      year=1988,
      title={Improved transparent boundary formulations
for the elastic wave equation},
      journal=bssa,
      volume=78,
      number=6,
      pages={2089-2097}
}

@ARTICLE{FaMaQuTa96,
      author={E. Faccioli and F. Maggio and A. Quarteroni and A. Tagliani},
      year=1996,
      title={Spectral-domain decomposition methods for the solution
of acoustic and elastic wave equations},
      journal=geophysics,
      volume=61,
      number=4,
      pages={1160-1174}
}

@ARTICLE{Vir84,
      author={J. Virieux},
      year=1984,
      title={{\it SH} wave propagation in heterogeneous media:
        velocity-stress finite-difference method},
      journal=geophysics,
      volume=49,
      pages={1933--1942}
}
@ARTICLE{Vir86,
      author={J. Virieux},
      year=1986,
      title={{\it P-SV} wave propagation in heterogeneous media:
        velocity-stress finite-difference method},
      journal=geophysics,
      volume=51,
      pages={889--901}
}

@ARTICLE{Dra72,
      author={L. A. Drake},
      year=1972,
      title={Love and {R}ayleigh waves in nonhorizontally
layered media},
      journal=bssa,
      volume=62,
      number=5,
      pages={1241-1258}
}

@ARTICLE{KiSeSg89,
      author={M. Kindelan and G. Seriani and P. Sguazzero},
      year=1989,
      title={Elastic modeling and its application to amplitude versus
angle interpretation},
      journal=gp,
      volume=37,
      pages={3-30}
}

@ARTICLE{ReKoEdHs88,
      author={M. Reshef and D. Kosloff and M. Edwards and C. Hsiung},
      year=1988,
      title={Three dimensional acoustic modeling by the {F}ourier method},
      journal=geophysics,
      volume=53,
      pages={1175-1183}
}

@ARTICLE{AlKeBo74,
      author={R. Alford and K. Kelly and D. Boore},
      year=1974,
      title={Accuracy of finite difference modeling of the acoustic
wave equation},
      journal=geophysics,
      volume=39,
      pages={834-842}
}

@ARTICLE{Dab86,
      author={M. A. Dablain},
      year=1986,
      title={The application of high-order differencing to the scalar
wave equation},
      journal=geophysics,
      volume=51,
      number=1,
      pages={54-66}
}

@ARTICLE{HeRu94,
      author={S. Hestholm and B. Ruud},
      year=1994,
      title={2{D} finite-difference elastic wave modelling including surface topography},
      journal=gp,
      volume=42,
      pages={371-390}
}

@ARTICLE{pratt1999,
      author={R. G. Pratt},
      year=1999,
      title={Seismic waveform inversion in the frequency domain, {P}art 1:
{T}heory and verification in a physical scale model},
      journal=geophysics,
      volume=64,
      pages={888--901}
}

@ARTICLE{tarantola1988,
      author={A. Tarantola},
      year=1988,
      title={Theoretical background for the inversion of
seismic waveforms, including elasticity and attenuation},
      journal=pageoph,
      volume=128,
      pages={365--399}
}

@ARTICLE{tarantola1984,
      author={A. Tarantola},
      year=1984,
      title={Inversion of seismic reflection data in the
acoustic approximation},
      journal=geophysics,
      volume=49,
      pages={1259--1266}
}

@ARTICLE{craseetal1990,
      author={E. Crase and A. Pica and M. Noble and J. McDonald
and A. Tarantola},
      year=1990,
      title={Robust elastic non-linear waveform inversion:
{A}pplication to real data},
      journal=geophysics,
      volume=55,
      pages={527--538}
}

@ARTICLE{gauthieretal1986,
      author={O. Gauthier and J. Virieux and A. Tarantola},
      year=1986,
      title={Two-dimensional non-linear inversion of seismic waveforms:
{N}umerical results},
      journal=geophysics,
      volume=51,
      pages={1387--1403}
}

@ARTICLE{talagrand&courtier1987,
      author={O. Talagrand and P. Courtier},
      year=1987,
      title={Variational assimilation of meteorological observations
with the adjoint vorticity equatuation. {I}: {T}heory},
      journal={Q. J. R. Meteorol. Soc.},
      volume=113,
      pages={1311--1328}
}

@ARTICLE{MaMoTa94,
      author={S. A. Magnier and P. Mora and A. Tarantola},
      year=1994,
      title={Finite differences on minimal grids},
      journal=geophysics,
      volume=59,
      pages={1435-1443}
}

@ARTICLE{MuDeEtNi92,
      author={F. Muir and J. Dellinger and J. Etgen and D. Nichols},
      year=1992,
      title={Modelling elastic fields across irregular boundaries},
      journal=geophysics,
      volume=57,
      number=9,
      pages={1189-1193}
}

@ARTICLE{ScMu89,
      author={M. Schoenberg and F. Muir},
      year=1989,
      title={A calculus for finely layered anisotropic media},
      journal=geophysics,
      volume=54,
      number=5,
      pages={581-589}
}

@ARTICLE{NiIfBeSk94,
      author={P. Nielsen and F. If and P. Berg and O. Skovgaard},
      year=1994,
      title={Using the pseudospectral technique on curved grids for 2{D} acoustic forward modelling},
      journal=gp,
      volume=42,
      pages={321-341}
}

@ARTICLE{NiSk90,
      author={P. Nielsen and O. Skovgaard},
      year=1990,
      title={The effect of using non-orthogonal boundary-fitted grids for solving the shallow water equations},
      journal={Int. J. Num. Meth. Fluids},
      volume=11,
      pages={177-188}
}

@ARTICLE{RyLe83,
      author={G. Ryskin and L.G. Leal},
      year=1983,
      title={Orthogonal mapping},
      journal=jcp,
      volume=50,
      pages={71-100}
}

@ARTICLE{TeKoBe92,
      author={E. Tessmer and D. Kosloff and A. Behle},
      year=1992,
      title={Elastic wave propagation simulation in the presence of surface topography},
      journal=gji,
      volume=108,
      pages={621-632}
}

@ARTICLE{TeKo94,
      author={E. Tessmer and D. Kosloff},
      year=1994,
      title={3-{D} elastic modeling with surface topography by a {C}hebyshev spectral method},
      journal=geophysics,
      volume=59,
      number=3,
      pages={464-473}
}

@ARTICLE{DoTa95,
      author={E. Dormy and A. Tarantola},
      year=1995,
      title={Numerical simulation of elastic wave propagation using a finite volume method},
      journal=jgr,
      volume=100,
      pages={2123-2133}
}

@ARTICLE{TaVa82b,
      author={A. Tarantola and B. Valette},
      year=1982,
      title={Inverse problem = quest for information},
      journal={J. Geophysics},
      volume=50,
      pages={159-170}
}

@ARTICLE{TaVa82a,
      author={A. Tarantola and B. Valette},
      year=1982,
      title={Generalized nonlinear inverse problems solved using the least squares criterion},
      journal={Rev. Geophys. Space Phys.},
      volume=20,
      pages={219-232}
}

@ARTICLE{BoCr83,
      author={D. C. Booth and S. Crampin},
      year=1983,
      title={The anisotropic reflectivity technique: theory},
      journal={Geophys. J. R. Astr. Soc.},
      volume=72,
      pages={755-766}
}

@ARTICLE{CaKoBeSe92,
      author={J. M. Carcione and D. Kosloff and A. Behle and G. Seriani},
      year=1992,
      title={A spectral scheme for wave propagation simulation in 3-{D} elastic-anisotropic media},
      journal=geophysics,
      volume=57,
      number = 12,
      pages={1593-1607}
}

@ARTICLE{Tes95,
      author={E. Tessmer},
      year=1995,
      title={3-{D} seismic modelling of general material anisotropy in the presence of the free surface by a {C}hebyshev spectral method},
      journal=gji,
      volume=121,
      pages={557-575}
}

@ARTICLE{AmWi94,
      author={K. Amaratunga and J. R. Williams},
      year=1994,
      title={Wavelet-{G}alerkin solutions for one-dimensional partial differential equations},
      journal=ijnme,
      volume=37
}

@ARTICLE{Aus93,
      author={P. Auscher},
      year=1993,
      title={Ondelettes \`a support compact et conditions aux limites},
      journal={J. Funct. Anal.},
      volume=111
}

@ARTICLE{Bat87,
      author={G. Battle},
      year=1987,
      title={A block spin construction of wavelets, Part 1: {L}emari\'e functions},
      journal={Communications in Mathematical Physics},
      volume=110
}

@ARTICLE{Dau88,
      author={I. Daubechies},
      year=1988,
      title={Orthonormal bases of supported wavelets},
      journal={Communications in Pure and Applied Mathematics},
      volume=41,
      number=7
}

@ARTICLE{JoMaPe94,
      author={P. Joly and Y. Maday and V. Perrier},
      year=1994,
      title={Towards a method for solving partial differential equations by using wavelet packet bases},
      journal=cmame,
      volume=116
}

@ARTICLE{Lem88,
      author={P. G. Lemari\'e},
      year=1988,
      title={Ondelettes \`a localisation exponentielle},
      journal={Journal de Math\'ematiques Pures et Appliqu\'ees},
      volume=67
}

@ARTICLE{Mal88,
      author={S. G. Mallat},
      year=1988,
      title={A theory for multiresolution signal decomposition: the wavelet representation},
      journal={Communications in Pure and Applied Mathematics},
      volume=41
}

@ARTICLE{Mal89,
      author={S. Mallat},
      year=1989,
      title={Multiresolution approximation and wavelet orthonormal bases of ${L}^2({R})$},
      journal={Transactions of the AMS},
      volume=135
}

@ARTICLE{Mey92,
      author={Y. Meyer},
      year=1992,
      title={Ondelettes sur l'intervalle},
      journal={Rev. Math. Iberoamericana},
      volume=7
}

@ARTICLE{PeBa89,
      author={V. Perrier and C. Basdevant},
      year=1989,
      title={La d\'ecomposition en ondelettes p\'eriodiques, un outil pour l'analyse de champs inhomog\`enes},
      journal={La Recherche A\'erospatiale},
      volume=3
}

@ARTICLE{WiAm94,
      author={J.R. Williams and K. Amaratunga},
      year=1994,
      title={Introduction to wavelets in engineering},
      journal=ijnme,
      volume=34
}

@ARTICLE{KoBa82,
      author={D. Kosloff and E. Baysal},
      year=1982,
      title={Forward modeling by the {F}ourier method},
      journal=geophysics,
      volume=47,
      pages={1402-1412}
}

@ARTICLE{BoScTo95,
      author={M. Bouchon and C. A. Schultz and M. Nafi T\"oksoz},
      year=1995,
      title={A fast implementation of boundary integral equation methods to calculate the propagation of seismic waves in laterally varying layered media},
      journal=bssa,
      volume=85,
      pages={1679-1687}
}

@ARTICLE{FrVi92,
      author={A. Frankel and J. Vidale},
      year=1992,
      title={A three-dimensional simulation of seismic waves in the {S}anta-{C}lara valley, {C}alifornia, from the {L}oma {P}rieta aftershock},
      journal=bssa,
      volume=82,
      pages={2045-2074}
}

@ARTICLE{FrLe92,
      author={A. Frankel and W. Leith},
      year=1992,
      title={Evaluation of topographic effects on {{\it P}} and {{\it S}} waves of explosions at the northern {N}ovaya {Z}emlya test site using 3-{D} numerical simulations},
      journal=grl,
      volume=19,
      pages={1887-1890}
}

@ARTICLE{WaNaYa90,
      author={P. J. Wang and Y. Nakamura and M. Yasuhara},
      year=1990,
      title={A {C}hebyshev collocation method for the compressible {N}avier-{S}tokes equations in generalized coordinates},
      journal={Trans. Japan Soc. Aero. Space Sci.},
      volume=33,
      pages={120-134}
}

@ARTICLE{PlSh88,
      author={B. J. Plohr and D. H. Sharp},
      year=1988,
      title={A conservative {E}ulerian formulation of the equations for elastic flow},
      journal={Advances in Applied Mathematics},
      volume=9,
      pages={481-499}
}

@ARTICLE{GiVi93,
      author={D. Givoli and S. Vidgergauz},
      year=1993,
      title={Artificial boundary conditions for 2{D} problems in geophysics},
      journal=cmame,
      volume=110,
      pages={87-101}
}

@ARTICLE{GiKe90,
      author={D. Givoli and J. B. Keller},
      year=1990,
      title={Non-reflecting boundary conditions for elastic waves},
      journal={Wave motion},
      volume=12,
      pages={261-279}
}

@ARTICLE{HuMa78,
      author={T. J. R. Hughes and J. E. Marsden},
      year=1978,
      title={Classical elastodynamics as a linear symmetric hyperbolic system},
      journal={Journal of Elasticity},
      volume=8,
      number=1,
      pages={97-110}
}

@ARTICLE{JoMaJoHu94,
      author={Z. Johan and K. K. Mathur and S. L. Johnsson and T. J. R. Hughes},
      year=1994,
      title={An efficient communications strategy for finite element methods on
the {C}onnection {Machine} {CM-5} system},
      journal=cmame,
      volume=113,
      pages={363-387}
}

@ARTICLE{JoHuMaJo92,
      author={Z. Johan and T. J. R. Hughes and K. K. Mathur and S. L. Johnsson},
      year=1992,
      title={A data parallel finite element method for computational fluid dynamics on the {C}onnection {M}achine system},
      journal=cmame,
      volume=99,
      pages={113-134}
}

@ARTICLE{BePlKeGr90,
      author={Ted Belytschko and E. J. Plaskacz and J. M. Kennedy and D. L. Greenwell},
      year=1990,
      title={Finite element analysis on the {C}onnection {M}achine},
      journal=cmame,
      volume=81,
      pages={229-254}
}

@ARTICLE{BaEnHaJo88,
      author={A. Bamberger and B. Engquist and L. Halpern and P. Joly},
      year=1988,
      title={Higher order paraxial wave equation approximations in heterogeneous media},
      journal={SIAM J. Appl. Math.},
      volume=48,
      pages={129-154}
}

@ARTICLE{BaJoRo90,
      author={A. Bamberger and P. Joly and J. E. Roberts},
      year=1990,
      title={Second order absorbing boundary conditions for the wave equation: a solution for the corner problem},
      journal={SIAM J. Numer. Anal.},
      volume=27,
      pages={323-352}
}

@ARTICLE{Giv91,
      author={D. Givoli},
      year=1991,
      title={Non-reflecting boundary conditions: review article},
      journal=jcp,
      volume=94,
      pages={1-29}
}

@ARTICLE{AlKa68,
      author={Z. Alterman and F. C. Karal},
      year=1968,
      title={Propagation of elastic waves in layered media by finite difference methods},
      journal=bssa,
      volume=58,
      pages={367-398}
}

@ARTICLE{PeSaCa94,
      author={H. A. Pedersen and F. J. S\'anchez-Sesma and M. Campillo},
      year=1994,
      title={Three-dimensional scattering by two-dimensional topographies},
      journal=bssa,
      volume=84,
      pages={1169-1183}
}

@ARTICLE{PeLeHaCaBa94,
      author={H. A. Pedersen and B. LeBrun and D. Hatzfeld and M. Campillo and P.Y. Bard},
      year=1994,
      title={Ground motion amplitude across ridges},
      journal=bssa,
      volume=84,
      pages={1786-1800}
}

@ARTICLE{UmKuItItSa86,
      author={Y. Umeda and A. Kuroiso and K. Ito and Y. Ito and T.
Saeki},
      year=1986,
      title={High accelerations in the epicentral area of the Western
{N}agana Prefecture, {J}apan, earthquake of 1984},
      journal={J. Seismol. Soc. Jpn.},
      volume=39,
      pages={217-228}
}

@ARTICLE{CaKiCrWoSpMu90,
      author={D. L. Carver and K. W. King and E. Cranswick and D. W.
Worley and P. Spudich and C. Mueller},
      year=1990,
      title={Digital recordings of aftershocks of the {O}ctober 17, 1989,
{L}oma {P}rieta, {C}alifornia, earthquake: {S}anta {C}ruz, {L}os {G}atos, and
surrounding areas},
      journal={U.S. Geol. Surv. Open File Rep.},
      volume=90,
      pages={90-683}
}

@ARTICLE{ChSaHa96,
      author={F. J. Ch\'avez-Garc\'{\i}a and L. S\'anchez and D.
Hatzfeld},
      year=1996,
      title={Topographic site effects and HVSR. A comparison between
observation and theory},
      journal=bssa,
      volume=86,
      pages={1559-1573}
}

@ARTICLE{SaLu96,
      author={F. J. S\'anchez-Sesma and F. Luz\'on},
      year=1996,
      title={Can horizontal {{\it P}} waves be trapped and resonate in
a shallow sedimentary basin?},
      journal=gji,
      volume=124,
      pages={209-214}
}

@ARTICLE{San83,
      author={F. J. S\'anchez-Sesma},
      year=1983,
      title={Diffraction of elastic waves by three-dimensional surface irregularities},
      journal=bssa,
      volume=73,
      number=6,
      pages={1621-1636}
}

@ARTICLE{OlPeSc95,
      author={K. B. Olsen and J. C. Pechmann and G. T. Schuster},
      year=1995,
      title={Simulation of 3-{D} elastic wave propagation in the {S}alt {L}ake basin},
      journal=bssa,
      volume=85,
      pages={1688-1710}
}

@ARTICLE{StMcShDa93,
      author={J. L. Stevens and K. L. McLaughlin and B. Shkoller and S. M. Day},
      year=1993,
      title={2-{D} axisymmetric calculations of surface waves generated by an explosion in an island, mountain and sedimentary basin},
      journal=gji,
      volume=114,
      pages={548-560}
}

@ARTICLE{Ors80,
      author={S. A. Orszag},
      year=1980,
      title={Spectral methods for problems in complex geometries},
      journal=jcp,
      volume=37,
      pages={70-92}
}

@ARTICLE{KoTa93,
      author={D. Kosloff and H. Tal-Ezer},
      year=1993,
      title={A modified {C}hebyshev pseudospectral method with an {{$O(N^{-1})$}} time step restriction},
      journal=jcp,
      volume=104,
      pages={457-469}
}

@ARTICLE{Mah90,
      author={K. D. Mahrer},
      year=1990,
      title={Numerical time step instability and {S}tacey's and {C}layton-{E}ngquist's absorbing boundary conditions},
      journal=bssa,
      volume=80,
      pages={213-217}
}

@ARTICLE{MaGu69,
      author={L. Martel and S. K. Gupta},
      year=1969,
      title={{\`A} propos des ondes de {R}ayleigh sur une surface courbe},
      journal={Ann. G\'eophys.},
      volume=25,
      number=4,
      pages={973-979}
}

@ARTICLE{MaKn66,
      author={A. K. Mal and L. Knopoff},
      year=1966,
      title={Transmission of {R}ayleigh waves at a corner},
      journal=bssa,
      volume=56,
      pages={455-466}
}

@ARTICLE{wu&aki1985,
      author={R. Wu and K. Aki},
      year=1985,
      title={Scattering characteristics of elastic waves by an elastic heterogeneity},
      journal={Geophysics},
      volume=50,
      pages={582--595}
}

@ARTICLE{hudson1977,
      author={J. A. Hudson},
      year=1977,
      title={Scattered waves in the coda of P},
      journal={J. Geophys.},
      volume=43,
      pages={359--374}
}

@ARTICLE{HuKn64a,
      author={J. A. Hudson and L. Knopoff},
      year=1964,
      title={Transmission and reflection of surface waves at a corner, part 1: {L}ove waves},
      journal=jgr,
      volume=69,
      pages={275-280}
}

@ARTICLE{HuKn64b,
      author={J. A. Hudson and L. Knopoff},
      year=1964,
      title={Transmission and reflection of surface waves at a corner, part 2: {R}ayleigh waves (theoretical)},
      journal=jgr,
      volume=69,
      pages={281-289}
}

@ARTICLE{Hubo80,
      author={J. A. Hudson and D. M. Boore},
      year=1980,
      title={Comments on ``Scattered surface waves from a surface
obstacle''},
      journal=gjras,
      volume=60,
      pages={123-127}
}

@ARTICLE{PiKnSc64,
      author={W. L. Pilant and L. Knopoff and F. Schwab},
      year=1964,
      title={Transmission and reflection of surface waves at a corner, part 3: {R}ayleigh waves (experimental)},
      journal=jgr,
      volume=69,
      pages={291-297}
}

@ARTICLE{McAl67,
      author={A. McGarr and L. E. Alsop},
      year=1967,
      title={Transmission and reflection of {R}ayleigh waves at vertical boundaries},
      journal=jgr,
      volume=72,
      pages={2169-2180}
}

@ARTICLE{AkLa70,
      author={K. Aki and K. L. Larner},
      year=1970,
      title={Surface motion of a layered medium having an irregular interface, due to incident plane {{\it SH}} waves},
      journal=jgr,
      volume=75,
      pages={933-954}
}

@ARTICLE{Fra93,
      author={A. Frankel},
      year=1993,
      title={Three-dimensional simulations of ground motions in the {S}an {B}ernardino valley, {C}alifornia, for hypothetical earthquakes on the {S}an {A}ndreas fault},
      journal=bssa,
      volume=83,
      pages={1020-1041}
}

@ARTICLE{ZaOlSo94,
      author={J. Zahradn{\'\i}k and P. O'Leary and J. Sochacki},
      year=1994,
      title={Finite-difference schemes for elastic waves based on the integration approach},
      journal=geophysics,
      volume=59,
      pages={928-937}
}

@ARTICLE{McDa94,
      author={K. L. McLaughlin and S. M. Day},
      year=1994,
      title={3-{D} elastic finite-difference seismic wave simulations},
      journal={Computers in Physics},
      volume=8,
      number=6,
      pages={656-663}
}

@ARTICLE{Hol87,
      author={O. Holberg},
      year=1987,
      title={Computational aspects of the choice of operator and sampling interval for numerical differentiation in large-scale simulation of wave phenomena},
      journal=gp,
      volume=35,
      pages={629-655}
}

@ARTICLE{BaJoLeTu86,
      author={A. Bayliss and K. E. Jordan and B. J. Lemesurier and E. Turkel},
      year=1986,
      title={A fourth-order accurate finite-difference scheme for the computation of elastic waves},
      journal=bssa,
      volume=76,
      pages={1115-1132}
}

@ARTICLE{Lev88,
      author={A. R. Levander},
      year=1988,
      title={Fourth-order finite-difference {{\it P-SV}} seismograms},
      journal=geophysics,
      volume=53,
      pages={1425--1436}
}

@ARTICLE{Moc89,
      author={P. Moczo},
      year=1989,
      title={Finite-difference technique for {{\it SH}} waves in 2-{D} media using irregular grids, application to the seismic response problem},
      journal=gji,
      volume=99,
      pages={321-329}
}

@ARTICLE{MoByKrCaBo97,
      author={P. Moczo and E. Bystrick{\'y} and J. Kristek and J. M. Carcione and M. Bouchon},
      year=1997,
      title={Hybrid modeling of {{\it P-SV}} seismic motion at inhomogeneous
viscoelastic topographic structures },
      journal=bssa,
      volume=87,
      pages={1305-1323}
}

@ARTICLE{MoKrBy01,
      author={P. Moczo and J. Kristek and E. Bystrick{\'y}},
      year=2001,
      title={Efficiency and optimization of the {3-D} finite-difference modeling of seismic ground motion},
      journal=jca,
      volume=9,
      number=2,
      pages={593-609}
}

@ARTICLE{KaSgKi95,
      author={A. Kamel and P. Sguazzero and M. Kindelan},
      year=1995,
      title={Cost-effective staggered schemes for the numerical simulation of wave propagation},
      journal=ijnme,
      volume=38,
      pages={755-773}
}

@ARTICLE{Car91,
      author={J. M. Carcione},
      year=1991,
      title={Domain decomposition for wave propagation problems},
      journal={J. Sci. Comp.},
      volume=6,
      number=4,
      pages={453-472}
}

@ARTICLE{Kau92,
      author={E. Kausel},
      year=1992,
      title={Physical interpretation and stability of paraxial boundary conditions},
      journal=bssa,
      volume=82,
      pages={898-913}
}

@ARTICLE{SaCa93,
      author={F. J. S\'anchez-Sesma and M. Campillo},
      year=1993,
      title={Topographic effects for incident {{\it P, SV}} and {R}ayleigh waves},
      journal={Tectonophysics},
      volume=218,
      pages={113-125}
}

@ARTICLE{McJi88,
      author={K. L. McLaughlin and R. S. Jih},
      year=1988,
      title={Scattering from near-source topography: teleseismic observations and numerical simulations},
      journal=bssa,
      volume=78,
      pages={1399-1414}
}

@ARTICLE{GiLa62,
      author={F. Gilbert and S. J. Laster},
      year=1962,
      title={Excitation and propagation of pulses on an interface},
      journal=bssa,
      volume=52,
      pages={299-319}
}

@ARTICLE{OlAr96,
      author={K. B. Olsen and R. J. Archuleta},
      year=1996,
      title={3-{D} simulation of earthquakes on the {L}os {A}ngeles fault system},
      journal=bssa,
      volume=86,
      number=3,
      pages={575-596}
}

@ARTICLE{SePr94,
      author={G. Seriani and E. Priolo},
      year=1994,
      title={A spectral element method for acoustic wave simulation in heterogeneous media},
      journal={Finite Elements in Analysis and Design},
      volume=16,
      pages={337-348}
}

@ARTICLE{Ray10,
      author={L. J. W. S. Rayleigh},
      year=1910,
      title={The problem of the whispering gallery},
      journal={Philosophical Magazine Ser. 6},
      volume=20,
      pages={1001-1004}
}

@ARTICLE{Vie73,
      author={J. A. Viecelli},
      year=1973,
      title={Topography and the {R}ayleigh wave generating efficiency of buried explosive sources},
      journal=jgr,
      volume=78,
      pages={3334-3339}
}

@ARTICLE{ZaMoHr93,
      author={J. Zahradn{\'\i}k and P. Moczo and F. Hron},
      year=1993,
      title={Testing four elastic finite-difference schemes for behavior at discontinuities},
      journal=bssa,
      volume=83,
      pages={107-129}
}

@ARTICLE{Pat84,
      author={A. T. Patera},
      year=1984,
      title={A spectral element method for fluid dynamics: laminar flow in a channel expansion},
      journal=jcp,
      volume=54,
      pages={468-488}
}

@ARTICLE{YoCh96,
      author={K. T. Yoon and T. J. Chung},
      year=1996,
      title={Three-dimensional mixed explicit-implicit generalized {G}alerkin spectral element methods for high-speed turbulent compressible flows},
      journal=cmame,
      volume=135,
      pages={343-367}
}

@ARTICLE{Lak87,
      author={R. Lakes},
      year=1987,
      title={Foam structures with a negative {P}oisson's ratio},
      journal={Science},
      volume=235,
      pages={1038-1040}
}

@ARTICLE{LuSc90,
      author={Y. Luo and G. Schuster},
      year=1990,
      title={Parsimonious staggered grid finite-differencing of the wave equation},
      journal=grl,
      volume=17,
      pages={155-158}
}

@ARTICLE{Wil66,
      author={C. H. Wilcox},
      year=1966,
      title={Wave operators and asymptotic solutions of wave propagation
problems of classical physics},
      journal={Arch. Rat. Mech. Anal.},
      volume=22,
      pages={37-78}
}

@ARTICLE{CoJo90,
      author={G. Cohen and P. Joly},
      year=1990,
      title={Fourth-order schemes for the heterogeneous acoustics equation},
      journal=cmame,
      volume=80,
      pages={397-407}
}

@ARTICLE{SaKaSaPi01,
      author={Toshimi Satoh and Hiroshi Kawase and Toshiaki Sato and Arben Pitarka},
      year=2001,
      title={Three-Dimensional Finite-Difference Waveform Modeling of Strong Motions Observed in the {S}endai Basin, {J}apan},
      journal=bssa,
      volume=91,
      pages={365-380}
}

@ARTICLE{PiIr96a,
      author={A. Pitarka and K. Irikura},
      year=1996,
      title={Modeling 3{D} surface topography by a finite-difference method: {K}obe-{JMA} station site, {J}apan, case study},
      journal=grl,
      volume=23,
      pages={2729-2732}
}

@ARTICLE{PiIr96b,
      author={A. Pitarka and K. Irikura},
      year=1996,
      title={Basin structure effects on long period strong motions in the {S}an {F}ernando valley and the {L}os {A}ngeles basin from the 1994 {N}orthridge earthquake and aftershocks},
      journal=bssa,
      volume=86,
      number={1B},
      pages={S126-S137}
}

@ARTICLE{PiIrIwKa96,
      author={A. Pitarka and K. Irikura and T. Iwata and T. Kagawa},
      year=1996,
      title={Basin structure effects in the {K}obe area inferred from modelling of ground motions from two aftershocks of the {J}anuary 17, 1995, {H}yogo-ken {N}anbu earthquake},
      journal={J. Phys. Earth},
      volume=44,
      pages={563-576}
}

@ARTICLE{IwHaKaIr96,
      author={T. Iwata and K. Hatayama and H. Kawase and K. Irikura},
      year=1996,
      title={Site Amplification of Ground motions during aftershocks of
the 1995 {H}yogo-ken {N}anbu earthquake in severely damaged zone},
      journal={J. Phys. Earth},
      volume=44,
      pages={563-576}
}

@ARTICLE{ToIrKa95,
      author={K. Toki and K. Irikura and T. Kagawa},
      year=1995,
      title={Strong motion records in the source area of the {H}yogo-ken {N}anbu earthquake, {J}anuary 17, 1995},
      journal={J. Nat. Disast. Sci.},
      volume=16,
      pages={23-30}
}

@ARTICLE{OhHa83,
      author={A. Ohtsuki and K. Harumi},
      year=1983,
      title={Effects of topography and subsurface inhomogeneities on
seismic {{\it SV}} waves},
      journal={Earth. Engrg. Structl. Dyn.},
      volume=11,
      pages={441-462}
}

@ARTICLE{ToOh92,
      author={T. Toshinawa and T. Ohmachi},
      year=1992,
      title={Love wave propagation in three-dimensional sedimentary basin},
      journal=bssa,
      volume=82,
      pages={1661-1667}
}

@ARTICLE{Bac76,
      author={G. A. Backer},
      year=1976,
      title={Error estimates for the finite element method for second order hyperbolic equations},
      journal={SIAM J. Num. Anal.},
      volume=13,
      pages={564-575}
}

@ARTICLE{Dup73,
      author={T. Dupond},
      year=1973,
      title={A {$L^2$} estimate of {G}alerkin methods for second order hyperbolic equations},
      journal={SIAM J. Num. Anal.},
      volume=10,
      pages={880-891}
}

@ARTICLE{HuHu88,
      author={T. J. R. Hughes and G. M. Hulbert},
      year=1988,
      title={Space-time finite element methods for elastodynamics, formulation and error estimates},
      journal=cmame,
      volume=66,
      pages={339-363}
}

@ARTICLE{HuHu90,
      author={G. M. Hulbert and T. J. R. Hughes},
      year=1990,
      title={Space-time finite element methods for second-order hyperbolic equations},
      journal=cmame,
      volume=84,
      pages={327-348}
}

@ARTICLE{Ric94,
      author={G. R. Richter},
      year=1994,
      title={An explicit finite element method for the wave equation},
      journal={Appl. Num. Math.},
      volume=16,
      pages={65-80}
}

@ARTICLE{Bou73,
      author={M. Bouchon},
      year=1973,
      title={Effect of topography on surface motion},
      journal=bssa,
      volume=63,
      pages={615-632}
}

@ARTICLE{Bou78,
      author={M. Bouchon},
      year=1978,
      title={The importance of the surface interface {{\it P}} wave in
near-earthquake studies},
      journal=bssa,
      volume=68,
      pages={1293-1311}
}

@ARTICLE{Bou79,
      author={M. Bouchon},
      year=1979,
      title={Discrete wavenumber representation of elastic wave fields in three space dimensions},
      journal=jgr,
      volume=84,
      pages={3609-3614}
}

@ARTICLE{Bar82,
      author={P. Y. Bard},
      year=1982,
      title={Diffracted waves and displacement field over two dimensional topographies},
      journal=gjras,
      volume=71,
      pages={731-760}
}

@ARTICLE{OhKoMi92,
      author={M. Ohori and K. Koketsu and T. Minomi},
      year=1992,
      title={Seismic response of three dimensional sediment filled valleys
due to incident plane waves},
      journal={J. Phys. Earthquake},
      volume=40,
      pages={209-222}
}

@ARTICLE{GeBaJu88,
      author={L. G\'eli and P. Y. Bard and B. Julien},
      year=1988,
      title={The effect of topography on earthquake ground motion: a review and new results},
      journal=bssa,
      volume=78,
      pages={42-63}
}

@ARTICLE{HoUeTa90,
      author={M. Horike and H. Uebayashi and T. Takeuchi},
      year=1990,
      title={Seismic response in three dimensional sedimentary basin due to plane {{\it S}} wave incidence},
      journal={J. Phys. Earth},
      volume=38,
      pages={261-284}
}

@ARTICLE{SaRo79,
      author={F. J. S\'anchez-Sesma and E. Rosenblueth},
      year=1979,
      title={Ground motion at canyons of arbitrary shape under incident {{\it SH}} waves},
      journal=eesd,
      volume=7,
      pages={441-450}
}

@ARTICLE{WaHe80,
      author={C. Y. Wang and R. B. Herrmann},
      year=1980,
      title={A numerical study of {{\it P}}, {{\it SV}} and {{\it SH}} wave generation in a plane layered medium},
      journal=bssa,
      volume=70,
      pages={1015-1036}
}

@ARTICLE{Gra96,
      author={R. W. Graves},
      year=1996,
      title={Simulating seismic wave propagation in 3{D} elastic media using staggered-grid finite differences},
      journal=bssa,
      volume=86,
      number=4,
      pages={1091-1106}
}

@ARTICLE{LuSaRoPoGaMaRoNa97,
      author={F. Luz\'on and F. J. S\'anchez-Sesma and J. L. Rodr{\'\i}guez-Z\'u{\~{n}}iga and A. M. Posadas and J. M. Garc{\'\i}a and J. Mart{\'\i}n and M. D. Romacho and M. Navarro},
      year=1997,
      title={Diffraction of {{\it P}}, {{\it S}} and {R}ayleigh waves by three-dimensional topographies},
      journal=gji,
      volume=129,
      pages={571-578}
}

@ARTICLE{MoDr89,
      author={T. K. Mossessian and M. Dravinski},
      year=1989,
      title={Scattering of elastic waves by three-dimensional surface topographies},
      journal={Wave Motion},
      volume=11,
      pages={579-592}
}

@ARTICLE{DrMo87,
      author={M. Dravinski and T. K. Mossessian},
      year=1987,
      title={Scattering of plane harmonic {{\it P}}, {{\it SV}} and {R}ayleigh waves by dipping layers of arbitrary shape},
      journal=bssa,
      volume=77,
      pages={212-235}
}

@ARTICLE{LuBa95,
      author={J. E. Luco and F. C. P. de Barros},
      year=1995,
      title={Three-dimensional response of a layered valley embedded in a layered half-space},
      journal=eesd,
      volume=24,
      pages={109-125}
}

@ARTICLE{Won82,
      author={H. L. Wong},
      year=1982,
      title={Effect of surface topography on the diffraction of {{\it P}}, {{\it SV}} and {R}ayleigh waves},
      journal=bssa,
      volume=72,
      pages={1167-1183}
}

@ARTICLE{ZhCh91,
      author={L. Zhang and A. K. Chopra},
      year=1991,
      title={Three-dimensional analysis of spatially varying ground motions around a uniform canyon in a homogeneous half-space},
      journal=eesd,
      volume=20,
      pages={911-926}
}

@ARTICLE{SaCa91,
      author={F. J. S\'anchez-Sesma and M. Campillo},
      year=1991,
      title={Diffraction of {{\it P}}, {{\it SV}} and {R}ayleigh waves by topographic features: a boundary integral formulation},
      journal=bssa,
      volume=81,
      pages={2234-2253}
}

@ARTICLE{BoAk77,
      author={M. Bouchon and K. Aki},
      year=1977,
      title={Discrete wavenumber representation of seismic-source wave fields},
      journal=bssa,
      volume=67,
      pages={259-277}
}

@ARTICLE{CaBo85,
      author={M. Campillo and M. Bouchon},
      year=1985,
      title={Synthetic {{\it SH}} seismograms in laterally varying medium by discrete wavenumber method},
      journal=gjras,
      volume=83,
      pages={307-317}
}

@ARTICLE{Bou85,
      author={M. Bouchon},
      year=1985,
      title={A simple complete numerical solution of the problem of diffraction of {{\it SH}} waves by an irregular surface},
      journal=jasa,
      volume=77,
      pages={1-5}
}

@ARTICLE{Cam87,
      author={M. Campillo},
      year=1987,
      title={{$L_g$} wave propagation in a laterally varying crust and the distribution of the apparent quality factor in {C}entre {F}rance},
      journal=jgr,
      volume=92,
      pages={12604-12614}
}

@ARTICLE{Kaw88,
      author={H. Kawase},
      year=1988,
      title={Time-domain response of a semi-circular canyon for incident {{\it SV}}, {{\it P}} and {R}ayleigh waves calculated by the discrete wavenumber boundary element method},
      journal=bssa,
      volume=78,
      pages={1415-1437}
}

@ARTICLE{KaAk89,
      author={H. Kawase and K. Aki},
      year=1989,
      title={A study on the response of a soft sedimentary basin for incident {{\it S}}, {{\it P}} and {R}ayleigh waves, with special reference to the long duration observed in {M}exico {C}ity},
      journal=bssa,
      volume=79,
      pages={1361-1382}
}

@ARTICLE{KaAk90,
      author={H. Kawase and K. Aki},
      year=1990,
      title={Topography effect at the critical {{\it SV}} wave incidence: possible
explanation of damage pattern by the {W}hittier {N}arrows, {C}alifornia, earthquake
of 1 {O}ctober 1987},
      journal=bssa,
      volume=80,
      pages={1-22}
}

@ARTICLE{KiPa93,
      author={J. Kim and A. Papageorgiou},
      year=1993,
      title={Discrete wavenumber boundary element method for 3{D} scattering problems},
      journal={J. Eng. Mech. ASCE},
      volume=119,
      pages={603-624}
}

@ARTICLE{Gaz81,
      author={J. Gazdag},
      year=1981,
      title={Modeling of the acoustic wave equation with transform methods},
      journal=geophysics,
      volume=46,
      pages={854-859}
}

@ARTICLE{KoKeFiTeBeSt90,
      author={D. Kosloff and D. Kessler and A. Q. Filho and E. Tessmer and A. Behle and R. Strahilevitz},
      year=1990,
      title={Solution of the equations of dynamics elasticity by a {C}hebyshev spectral method},
      journal=geophysics,
      volume=55,
      pages={748-754}
}

@ARTICLE{Got81,
      author={D. Gottlieb},
      year=1981,
      title={The stability of pseudospectral {C}hebyshev methods},
      journal={Math. Comp.},
      volume=36,
      pages={107-118}
}

@ARTICLE{MaQu82,
      author={Y. Maday and A. Quarteroni},
      year=1982,
      title={Approximation of {B}urgers equation by pseudospectral methods},
      journal={RAIRO Anal. Numer.},
      volume=16,
      pages={375-404}
}

@ARTICLE{CaQu82,
      author={C. Canuto and A. Quarteroni},
      year=1982,
      title={Approximation results for orthogonal polynomials in {S}obolev spaces},
      journal={Math. Comp.},
      volume=38,
      pages={67-86}
}

@ARTICLE{CaFu88,
      author={C. Canuto and D. Funaro},
      year=1988,
      title={The {S}chwarz algorithm for spectral methods},
      journal={SIAM J. Numer. Anal.},
      volume=25,
      pages={24-40}
}

@ARTICLE{BaSzKa81,
      author={I. Babu\u{s}ka and B. A. Szab\'o and I. N. Katz},
      year=1981,
      title={The $p$ version of the finite element method},
      journal={SIAM J. Numer. Anal.},
      volume=18,
      pages={512-545}
}

@ARTICLE{BaDo81,
      author={I. Babu\u{s}ka and M. R. Dorr},
      year=1981,
      title={Error estimates for the combined $h$ and $p$ version of the finite element method},
      journal={Numer. Math.},
      volume=37,
      pages={257-277}
}

@ARTICLE{MaRo90,
      author={Y. Maday and E. M. R{\o}nquist},
      year=1990,
      title={Optimal error analysis of spectral methods with emphasis on non-constant coefficients and deformed geometries},
      journal=cmame,
      volume=80,
      pages={91-115}
}

@ARTICLE{Ria96,
      author={J. A. Rial},
      year=1996,
      title={The anomalous seismic response of the ground at the {T}arzana {H}ill site during the {N}orthridge 1994 {S}outhern {C}alifornia earthquake: a resonant, sliding block?},
      journal=bssa,
      volume=86,
      pages={1714-1723}
}

@ARTICLE{CaLe96,
      author={R. D. Catchings and W. H. K. Lee},
      year=1996,
      title={Shallow velocity structure and {P}oisson's ratio at the {T}arzana, {C}alifornia, strong-motion accelerometer site},
      journal=bssa,
      volume=86,
      pages={1704-1713}
}

@ARTICLE{BaTu80,
      author={A. Bayliss and E. Turkel},
      year=1980,
      title={Radiation boundary conditions for wave-like equations},
      journal={Comm. Pure Appl. Math.},
      volume=33,
      pages={707-725}
}

@ARTICLE{GiKn60,
      author={F. Gilbert and L. Knopoff},
      year=1960,
      title={Seismic scattering from topographic irregularities},
      journal=jgr,
      volume=65,
      pages={3437-3444}
}

@ARTICLE{GiKn61,
      author={F. Gilbert and L. Knopoff},
      year=1961,
      title={The directivity problem of a burried line source},
      journal=geophysics,
      volume=26,
      pages={626-634}
}

@ARTICLE{Hud67,
      author={J. A. Hudson},
      year=1967,
      title={Scattered surface waves from a surface obstacle},
      journal=gjras,
      volume=13,
      pages={441-458}
}

@ARTICLE{BoHaHa81,
      author={D. M. Boore and S. C. Harmsen and S. T. Harding},
      year=1981,
      title={Wave scattering from a steep change in surface topography},
      journal=bssa,
      volume=71,
      pages={117-125}
}

@ARTICLE{ClLa95,
      author={R. H. Clouser and C. A. Langston},
      year=1995,
      title={Modeling observed {$P$-$R_g$} conversions from isolated topographic features near the {NORESS} array},
      journal=bssa,
      volume=85,
      pages={859-873}
}

@ARTICLE{DaWe73,
      author={L. L. Davis and L. R. West},
      year=1973,
      title={Observed effects of topography on ground motion},
      journal=bssa,
      volume=63,
      pages={283-298}
}

@ARTICLE{GrBo79,
      author={D. W. Griffiths and G. A. Bollinger},
      year=1979,
      title={The effect of {A}ppalachian mountain topography on seismic waves},
      journal=bssa,
      volume=69,
      pages={1081-1105}
}

@ARTICLE{Cla72,
      author={M. N. Clark},
      year=1972,
      title={Intensity of shaking estimated from displaced stones},
      journal={U.S. Geol. Surv. Prof. Pap.},
      volume=787,
      pages={175-182}
}

@ARTICLE{BoHa77,
      author={B. A. Bolt and R. A. Hansen},
      year=1977,
      title={The upthrow of objects in earthquakes},
      journal=bssa,
      volume=67,
      pages={1415-1427}
}

@ARTICLE{Boo72b,
      author={D. M. Boore},
      year=1972,
      title={A note on the effect of simple topography on seismic {{\it SH}} waves},
      journal=bssa,
      volume=62,
      pages={275-284}
}

@ARTICLE{PoWe91,
      author={D. J. Ponti and R. E. Wells},
      year=1991,
      title={Off-fault ground ruptures in the {S}anta-{C}ruz mountains, {C}alifornia: ridge-top spreading versus tectonic extension during the 1989 {L}oma {P}rieta earthquake},
      journal=bssa,
      volume=81,
      pages={1480-1510}
}

@ARTICLE{HaCaKi94,
      author={S. H. Hartzell and D. L. Carver and K. W. King},
      year=1994,
      title={Initial investigation of site and topographic effects at {R}obinwood ridge, {C}alifornia},
      journal=bssa,
      volume=84,
      pages={1336-1349}
}

@ARTICLE{HaLeFrMi96,
      author={S. H. Hartzell and A. Leeds and A. Frankel and J.  Michael},
      year=1996,
      title={Site response for urban {L}os {A}ngeles using aftershocks of the {N}orthridge earthquake},
      journal=bssa,
      volume=86,
      number={1B},
      pages={S168-S192}
}

@ARTICLE{SiSa77,
      author={S. K. Singh and F. J. Sabina},
      year=1977,
      title={Ground-motion amplification by topographic depressions for incident {{\it P}} wave under acoustic approximation},
      journal=bssa,
      volume=67,
      pages={345-352}
}

@ARTICLE{Tri71,
      author={M. D. Trifunac},
      year=1971,
      title={Surface motion of a semi-cylindrical alluvial valley for
incident plane {{\it SH}} waves},
      journal=bssa,
      volume=61,
      pages={1755-1770}
}

@ARTICLE{Tri73,
      author={M. D. Trifunac},
      year=1973,
      title={Scattering of plane {{\it SH}} waves by a semi-cylindrical canyon},
      journal=eesd,
      volume=1,
      pages={267-281}
}


@ARTICLE{JoCh75,
      author={W. B. Joyner and T. F. Chen},
      year=1975,
      title={Calculation of nonlinear ground response on earthquakes},
      journal=bssa,
      volume=65,
      pages={1315-1336}
}

@ARTICLE{MoBe94,
      author={H. Modaressi and I. Benzenati},
      year=1994,
      title={Paraxial approximation for poroelastic media},
      journal={Soil Dyn. Earth. Eng.},
      volume=13,
      pages={117-129}
}

@ARTICLE{Rob96,
      author={J. O. A. Robertsson},
      year=1996,
      title={A numerical free-surface condition for
elastic/viscoelastic finite-difference modeling in the presence of
topography},
      journal=geophysics,
      volume=61,
      pages={1921-1934}
}

@ARTICLE{RoBlSy94,
      author={J. O. A. Robertsson and J. O. Blanch and W. W. Symes},
      year=1994,
      title={Viscoelastic finite-difference modeling},
      journal=geophysics,
      volume=59,
      pages={1444-1456}
}

@ARTICLE{VaCaSaKoVi99,
      author={R. Vai and J. M. Castillo-Covarrubias and F. J. S\'anchez-Sesma and D. Komatitsch and J. P. Vilotte},
      year=1999,
      title={Elastic wave propagation in an irregularly layered medium},
      journal={Soil Dynamics and Earthquake Engineering},
      volume=18,
      number=1,
      pages={11-18}
}

@ARTICLE{SaRaCa93,
      author={F. J. S\'anchez-Sesma and J. Ramos-Martinez and M. Campillo},
      year=1993,
      title={An indirect boundary element method applied to simulate the seismic response of alluvial valleys for incident {{\it P, SV}} and {R}ayleigh waves},
      journal=eesd,
      volume=22,
      pages={279-295}
}

@INCOLLECTION{Esh61, author = {J. D. Eshelby}, title = {Elastic Inclusions and Inhomogenities}, chapter = {III}, publisher = {North-Holland}, year = {1961}, key = {}, editor = {I. N. Sneddon and R. Hill}, volume = {2}, booktitle = {Progress in solid mechanics}, address = {Amsterdam}, pages = {89-140}}

@ARTICLE{TaSi94,
      author={N. Tarnow and J. C. Simo},
      year=1994,
      title={How to render second-order accurate time-stepping algorithms fourth-order accurate while retaining the stability and conservation properties},
      journal=cmame,
      volume=115,
      pages={233--252}
}

@ARTICLE{TrDa90,
     author={J. Tromp and F.A. Dahlen},
     title={Summation of the Born series for the normal modes of the Earth},
     journal=gji,
     year=1990,
     volume=100,
     pages={527--533}
     }

@ARTICLE{trompetal2005,
     author={J. Tromp and C. H. Tape and Q. Liu},
     title={Seismic Tomography, Adjoint Methods, Time Reversal, and
Banana-Doughnut Kernels},
     journal=gji,
     year=2005,
     volume=160,
     pages={195--216}
     }

@ARTICLE{KoTr01c,
     author={D. Komatitsch and J. Tromp},
     year=2001,
     title={Modeling of seismic wave propagation at the scale of the {E}arth on a large {B}eowulf},
     journal={Proceedings of the ACM/IEEE Supercomputing SC'2001 conference},
     note={published on CD-ROM and at www.sc-conference.org/sc2001}
     }

@ARTICLE{akceliketal2002,
      author={V. Ak\c{c}elik and G. Biros and O. Ghattas},
      year=2002,
      title={Parallel multiscale {G}auss-{N}ewton-{K}rylov methods
for inverse wave propoagation},
      journal={Proceedings of the ACM/IEEE Supercomputing SC'2002 conference},
      note={published on CD-ROM and at www.sc-conference.org/sc2002}
}

@ARTICLE{akceliketal2003,
      author={V. Ak\c{c}elik and J. Bielak and G. Biros and I. Epanomeritakis
and A. Fern\'{a}ndez and O. Ghattas and E. J. Kim and J. L\'{o}pez and
D. O'Hallaron and T. Tu and J. Urbanic},
      year=2003,
      title={High resolution forward and inverse earthquake
modeling on terascale computers},
      journal={Proceedings of the ACM/IEEE Supercomputing SC'2003 conference},
      note={published on CD-ROM and at www.sc-conference.org/sc2003}
}

@INPROCEEDINGS{PaPe94,
      author={A. S. Papageorgiou and D. Pei},
      year=1994,
      title={3{D} response of cylindrical valleys of arbitrary cross-section to seismic waves incident from any azimuthal direction},
      booktitle={Proceedings of the 5th U.S. National Conference on Earthquake Engineering},
      note={Chicago, Illinois, July 1994},
      volume=3,
      pages={45-54}
}

@ARTICLE{BoVi91,
     author={O. Bonamassa and J. E. Vidale},
     year=1991,
     title={Directional site resonances observed from aftershocks of the 18 october 1989 {L}oma {P}rieta earthquake},
     journal=bssa,
     volume=81,
     pages={1945-1957}
     }

@ARTICLE{FaMaPaQu97,
     author={E. Faccioli and F. Maggio and R. Paolucci and A. Quarteroni},
     year=1997,
     title={2{D} and 3{D} elastic wave propagation by a pseudo-spectral domain
decomposition method},
     journal={J. Seismol.},
     volume=1,
     pages={237-251}
     }

@ARTICLE{RoPa87,
     author={E. M. R{\o}nquist and A. T. Patera},
     year=1987,
     title={A {L}egendre {S}pectral {E}lement Method for the {S}tefan Problem},
     journal=ijnme,
     volume=24,
     pages={2273-2299}
     }

@INPROCEEDINGS{tarantola1987,
      author ={A. Tarantola},
      booktitle={Seismic Tomography},
      title={Inversion of travel times and seismic waveforms},
      editor={G. Nolet},
      publisher ={Reidel Publishing},
      address={Dordrecht},
      year=1987,
      pages={135--157}
      }

@INPROCEEDINGS{RoPa88,
      author ={E. M. R{\o}nquist and A. T. Patera},
      booktitle={Proc. of the Seventh Gamm Conference on Numerical Methods in Fluid Mechanics},
      title={A {L}egendre {S}pectral {E}lement Method for the Incompressible {N}avier-{S}tokes Equations},
      editor={M. Deville},
      address={Louvain-la-Neuve, Belgium},
      year=1988,
      pages={318-326}
      }

@ARTICLE{MaMePaRo93,
     author={Y. Maday and D. Meiron and A. T. Patera and E. M. R{\o}nquist},
     year=1993,
     title={Analysis of Iterative Methods for the Steady and Unsteady {S}tokes Problem: Application to {S}pectral {E}lement Discretizations},
     journal={SIAM J. Sci. Stat. Comput.},
     volume=14,
     pages={310-337}
     }

@ARTICLE{FiRo94,
     author={P. F. Fischer and E. M. R{\o}nquist},
     year=1994,
     title={{S}pectral-element Methods for Large Scale Parallel {N}avier-{S}tokes Calculations},
     journal=cmame,
     volume=116,
     pages={69-76}
     }

@ARTICLE{Ron96,
     author={E. M. R{\o}nquist},
     year=1996,
     title={Convection treatment using spectral elements of different order},
     journal={Int. J. Num. Meth. Fluids},
     volume=22,
     pages={241-264}
     }

@ARTICLE{HoRo94,
     author={L. W. Ho and E. M. R{\o}nquist},
     year=1994,
     title={{S}pectral {E}lement Solution of Steady Incompressible Viscous Free-Surface Flows},
     journal={Finite Elements in Analysis and Design},
     volume=16,
     pages={207-227}
     }

@INPROCEEDINGS{SePr91,
      author={G. Seriani and E. Priolo},
      year=1991,
      title={High-order spectral element method for acoustic wave modeling},
      booktitle={Expanded abstracts of the Soc. Expl. Geophys.},
      note={61st international meeting of the SEG, Houston, Texas},
      pages={1561-1564}
}

@INPROCEEDINGS{SePrCaPa92,
      author={G. Seriani and E. Priolo and J. M. Carcione and E. Padovani},
      year=1992,
      title={High-order spectral element method for elastic wave modeling},
      booktitle={Expanded abstracts of the Soc. Expl. Geophys.},
      note={62nd international meeting of the SEG, New-Orleans, Louisiana},
      pages={1285-1288}
}

@ARTICLE{Kop96,
     author={D. A. Kopriva},
     year=1996,
     title={A conservative staggered-grid {C}hebyshev multidomain method for compressible flows: part {II}, a semi-structured method},
     journal=jcp,
     volume=128,
     pages={475-488}
     }

@ARTICLE{BaLaMa00,
     author={C. Bassin and G. Laske and G. Masters},
     year=2000,
     title={The Current Limits of Resolution for Surface Wave Tomography in {N}orth {A}merica},
     journal={EOS},
     volume=81,
     pages={F897}
     }

@ARTICLE{MoLaMa98,
     author={W. Mooney and G. Laske and G. Masters},
     year=1998,
     title={Crust 5.1: a global crustal model at $5 \times 5$ degrees},
     journal=jgr,
     volume=103,
     pages={727-747}
     }

@ARTICLE{ChViMa03,
     author={E. Chaljub and Y. Capdeville and J. P. Vilotte},
     year=2003,
     title={Solving Elastodynamics in a Fluid-Solid Heterogeneous Sphere: a Parallel Spectral Element Approximation on Non-Conforming Grids},
     journal=jcp,
     volume=187,
     number=2,
     pages={457-491}
     }

@ARTICLE{HaOuVe78,
     author={M. A. Hamdi and Y. Ousset and G. Verchery},
     year=1978,
     title={A displacement method for the analysis of vibrations of coupled fluid-structure systems},
     journal=ijnme,
     volume=13,
     pages={139-150}
     }

@ARTICLE{KiFe76,
     author={L. Kiefling and G. C. Feng},
     year=1976,
     title={Fluid-structure finite element vibrational analysis},
     journal={AIAA J.},
     volume=14,
     number = 2,
     pages={199-203}
     }

@ARTICLE{Cra71,
     author={A. Craggs},
     year=1971,
     title={The transient response of a coupled plate-acoustic
system using plate and acoustic finite elements},
     journal={J. Sound Vib.},
     volume=15,
     pages={509-528}
     }

@ARTICLE{ZiBe78,
     author={O. C. Zienkiewicz and P. Bettess},
     year=1978,
     title={Fluid-structure dynamic interaction and wave forces,
an introduction to numerical treatment},
     journal=ijnme,
     volume=13,
     pages={1-16}
     }

@ARTICLE{HaGe2000,
     author={T. Hara and R. J. Geller},
     year=2000,
     title={Simultaneous waveform inversion for three-dimensional Earth structure and earthquake source parameters considering a wide range of modal coupling},
     journal=gji,
     volume=142,
     pages={539--550}
     }

@ARTICLE{GeHa93,
     author={R. J. Geller and T. Hara},
     year=1993,
     title={Two efficient algorithms for iterative linearized inversion of seismic waveform data},
     journal=gji,
     volume=115,
     pages={699--710}
     }

@ARTICLE{GeOh94,
     author={R. J. Geller and T. Ohminato},
     year=1994,
     title={Computation of synthetic seismograms and their partial
derivatives for heterogeneous media with arbitrary natural boundary
conditions using the {D}irect {S}olution {M}ethod},
     journal=gji,
     volume=116,
     pages={421--446}
     }

@ARTICLE{GeHa95,
     author={R. J. Geller and T. Hatori},
     year=1995,
     title={DSM synthetic seismograms using analytic trial functions: plane-layered, isotropic case},
     journal=gji,
     volume=120,
     pages={163--172}
     }

@ARTICLE{GeTa95,
     author={R. J. Geller and N. Takeuchi},
     year=1995,
     title={A new method for computing highly accurate DSM synthetic seismograms},
     journal=gji,
     volume=123,
     pages={449--470}
     }

@ARTICLE{WuRo90,
     author={W. J. Wu and M. G. Rochester},
     year=1990,
     title={Core dynamics: the two-potential description and a new
variational principle},
     journal=gji,
     volume=103,
     pages={697--706}
     }

@ARTICLE{KoBaTr2000,
     author={D. Komatitsch and C. Barnes and J. Tromp},
     year=2000,
     title={Wave propagation near a fluid-solid interface: a spectral element approach},
     journal=geophysics,
     volume=65,
     number=2,
     pages={623--631}
     }

@ARTICLE{KoBaTr2000b,
     author={D. Komatitsch and C. Barnes and J. Tromp},
     year=2000,
     title={Simulation of anisotropic wave propagation based upon a spectral element method},
     journal=geophysics,
     volume=65,
     number=4,
     pages={1251--1260}
     }

@ARTICLE{KoTr99,
     author={D. Komatitsch and J. Tromp},
     year=1999,
     title={Introduction to the spectral-element method for 3-{D} seismic wave propagation},
     journal=gji,
     volume=139,
     pages={806--822}
     }

@ARTICLE{KoTr02a,
     author={D. Komatitsch and J. Tromp},
     year=2002,
     title={Spectral-Element Simulations of Global Seismic Wave Propagation{-I. V}alidation},
     journal=gji,
     volume=149,
     pages={390--412}}

@ARTICLE{KoTr02b,
     author={D. Komatitsch and J. Tromp},
     year=2002,
     title={Spectral-Element Simulations of Global Seismic Wave Propagation{-II. 3-D} Models, Oceans, Rotation, and Self-Gravitation},
     journal=gji,
     volume=150,
     pages={303--318}}

@ARTICLE{KoTr01d,
     author={D. Komatitsch and J. Tromp},
     year=2001,
     title={Modeling Seismic Wave Propagation on a 156~{GB PC} Cluster},
     journal={Linux Journal},
     volume={October 2001 issue},
     pages={38--45}
     }

@ARTICLE{KoTr01c,
     author={D. Komatitsch and J. Tromp},
     year=2001,
     title={Modeling of seismic wave propagation at the scale of the {E}arth on a large {B}eowulf},
     journal={Proceedings of the ACM/IEEE Supercomputing SC'2001 conference},
     note={published on CD-ROM and at www.sc-conference.org/sc2001}
     }

@ARTICLE{KoTsChTr03,
     author={Dimitri Komatitsch and Seiji Tsuboi and Ji Chen and Jeroen Tromp},
     year=2003,
     title={A 14.6~billion degrees of freedom, 5~teraflops, 2.5~terabyte earthquake simulation on the {E}arth~{S}imulator},
     journal={Proceedings of the ACM/IEEE Supercomputing SC'2003 conference}
     }

@ARTICLE{KoTr03,
     author={D. Komatitsch and J. Tromp},
     year=2003,
     title={A {P}erfectly {M}atched {L}ayer absorbing boundary condition for the second-order seismic wave equation},
     journal=gji,
     volume=154,
     pages={146--153}}

@ARTICLE{ShSu96,
     author={John H. Shaw and J. Suppe},
     year=1996,
     title={Earthquake hazards of active blind-thrust faults under the central {L}os {A}ngeles basin, {C}alifornia},
     journal=jgr,
     volume=101,
     pages={8623-8642}
     }

@ARTICLE{Fuisetal2003,
     author={G. S. Fuis and R. W. Clayton and P. M. Davis and T. Ryberg and W. J. Lutter and D. A. Okaya and E. Hauksson and C. Prodehl and J. M. Murphy and M. L. Benthien and S. A. Baher and M. D. Kohler and K. Thygesen and G. Simila and G. R. Keller},
     year=2003,
     title={Fault systems of the 1971 {S}an {F}ernando and 1994 {N}orthridge earthquakes, {S}outhern {C}alifornia: relocated aftershocks and seismic images from {LARSE~II}},
     journal={Geology},
     volume=31,
     pages={171-174}
     }

@ARTICLE{KoRiTr02,
     author={D. Komatitsch and J. Ritsema and J. Tromp},
     year=2002,
     title={The Spectral-Element Method, {B}eowulf Computing, and Global Seismology},
     journal={Science},
     volume=298,
     pages={1737--1742}
     }

@ARTICLE{Koetalbssa2004,
     author={Dimitri Komatitsch and Qinya Liu and Jeroen Tromp and Peter S\"{u}ss and Christiane Stidham and John H. Shaw},
     year=2004,
     title={Simulations of Strong Ground Motion in the {L}os {A}ngeles {B}asin based upon the Spectral-Element Method},
     journal=bssa,
     volume=94,
     pages={187--206}
     }

@ARTICLE{ChTsKoTr05,
     author={Ji Chen and Seiji Tsuboi and Dimitri Komatitsch and Jeroen Tromp},
     year=2005,
     title={Rayleigh-wave multi-pathing along the west coast of {N}orth {A}merica},
     journal=bssa,
     note={in press}
     }

@ARTICLE{KoLiTrSuStSh04,
     author={Dimitri Komatitsch and Qinya Liu and Jeroen Tromp and Peter S\"{u}ss and Christiane Stidham and John H. Shaw},
     year=2004,
     title={Simulations of Ground Motion in the {L}os {A}ngeles {B}asin based upon the Spectral-Element Method},
     journal=bssa,
     volume=94,
     pages={187--206}
     }

@ARTICLE{ChVa04,
      author={E. Chaljub and B. Valette},
      year=2004,
      title={Spectral-element modeling of three-dimensional wave propagation in a self-gravitating {E}arth with an arbitrarily stratified outer core},
      journal=gji,
      volume=158,
      pages={131--141}
}

@ARTICLE{TsKoChTr03,
     author={Seiji Tsuboi and Dimitri Komatitsch and Ji Chen and Jeroen Tromp},
     year=2003,
     title={Spectral-element simulations of the {N}ovember~3, 2002, {D}enali, {A}laska earthquake on the {E}arth~{S}imulator},
     journal=pepi,
     volume=139,
     pages={305--312}
     }

@ARTICLE{LaMaQu97,
     author={D. J. P. Lahaye and F. Maggio and A. Quarteroni},
     year=1997,
     title={Hybrid finite element-spectral element approximation of wave propagation problems},
     journal={East-West J. Numer. Math.},
     volume=5,
     number=4,
     pages={265-289}
     }

@ARTICLE{Bio52,
     author={M. A. Biot},
     year=1952,
     title={The interaction of {R}ayleigh and {S}toneley waves in the ocean bottom},
     journal=bssa,
     volume=42,
     pages={81-93}
     }

@ARTICLE{HuFo98,
     author={S. H. Hung and D. Forsyth},
     year=1998,
     title={Modelling anisotropic wave propagation in oceanic inhomogeneous
structures using the parallel multidomain pseudo-spectral method},
     journal=gji,
     volume=133,
     number = 3,
     pages={726-740}
     }

@ARTICLE{IgMoRi95,
     author={H. Igel and P. Mora and B. Riollet},
     year=1995,
     title={Anisotropic wave propagation through finite-difference grids},
     journal=geophysics,
     volume=60,
     number = 4,
     pages={1203-1216}
     }

@ARTICLE{Ber94,
     author={J. P. B\'erenger},
     year=1994,
     title={A {P}erfectly {M}atched {L}ayer for the absorption of electromagnetic waves},
     journal=jcp,
     volume=114,
     pages={185-200}
     }

@ARTICLE{Ber96,
     author={J. P. B\'erenger},
     year=1996,
     title={Three-dimensional {P}erfectly {M}atched {L}ayer for the absorption of electromagnetic waves},
     journal=jcp,
     volume=127,
     pages={363-379}
     }

@ARTICLE{HaScBr96,
     author={F. D. Hastings and J. B. Schneider and S. L. Broschat},
     year=1996,
     title={Application of the {P}erfectly {M}atched {L}ayer {(PML)} absorbing boundary condition to elastic wave propagation},
     journal=jasa,
     volume=100,
     pages={3061-3069}
     }

@ARTICLE{FaCo03,
      author={S. Fauqueux and G. Cohen},
      year=2002,
      title={A first-order {P}erfectly {M}atched {L}ayer for the acoustic and elastic wave equations},
      journal={SIAM J. Sci. Comput.},
      note={submitted.}
}

@ARTICLE{Eks95,
     author={G. Ekstr\"{o}m},
     year=1995,
     title={Calculation of static deformation following the {B}olivia
earthquake by summation of {E}arth's normal modes},
     journal=grl,
     volume=22,
     number=16,
     pages={2289-2292}
     }

@ARTICLE{ClSiYeJaWaBe95,
     author={T. J. Clarke and P. G. Silver and Y. L. Yeh and D. E. James and T. C. Wallace and S. L. Beck},
     year=1995,
     title={Close in {ScS} and {sScS} reverberations from the
9 {J}une 1994 {B}olivian earthquake},
     journal=grl,
     volume=22,
     number=16,
     pages={2313-2316}
     }

@ARTICLE{EkDz98,
     author={G. Ekstr\"{o}m and A. M. Dziewonski},
     year=1998,
     title={The unique anisotropy of the {P}acific upper mantle},
     journal={Nature},
     volume=394,
     pages={168-172}
     }

@ARTICLE{DzAn81,
     author={A. M. Dziewonski and D. L. Anderson},
     year=1981,
     title={Preliminary reference {E}arth model},
     journal=pepi,
     volume=25,
     pages={297-356}
     }

@ARTICLE{RoIaPa96,
     author={C. Ronchi and R. Ianoco and P. S. Paolucci},
     year=1996,
     title={The ``{C}ubed {S}phere'': a new method for the solution of partial differential equations in spherical geometry},
     journal=jcp,
     volume=124,
     pages={93-114}
     }

@ARTICLE{CrChHi84,
     author={S. Crampin and E. M. Chesnokov and R. G. Hipkin},
     year=1984,
     title={Seismic anisotropy -- the state of the art {II}},
     journal=gjras,
     volume=76,
     pages={1-16}
     }

@ARTICLE{Bac62,
     author={G. E. Backus},
     year=1962,
     title={Long-wave elastic anisotropy produced by horizontal layering},
     journal=jgr,
     volume=67,
     pages={4427-4440}
     }

@ARTICLE{Tho86,
     author={L. Thomsen},
     year=1986,
     title={Weak elastic anisotropy},
     journal=geophysics,
     volume=51,
     pages={1954-1966}
     }

@ARTICLE{For75,
     author={D. W. Forsyth},
     year=1975,
     title={The early structural evolution and anisotropy of the oceanic upper mantle},
     journal=gjras,
     volume=43,
     pages={103-162}
     }

@ARTICLE{Mul85,
     author={G. M\"{u}ller},
     year=1985,
     title={The reflectivity method: a tutorial},
     journal={Journal of Geophysics},
     volume=58,
     pages={153-174}
     }

@ARTICLE{hch,
     author={H. C. Hsieh and W. T. Chang},
     year=1994,
     title={Virtual knot technique for curve fitting of rapidly varying data},
     journal={Computer Aided Geometric Design},
     volume=11,
     pages={71-95}
     }

@ARTICLE{ks,
     author={K. Salkauskas},
     year=1974,
     title={{$C^1$} splines for interpolation of rapidly varying data},
     journal={Rocky Mountain J. Math.},
     volume=14,
     pages={239-250}
     }

@ARTICLE{taf,
     author={T. A. Foley},
     year=1987,
     title={Weighted bicubic spline interpolation to rapidly varying data},
     journal={ACM Trans. Graphics},
     volume=6,
     pages={1-18}
     }

@ARTICLE{rf,
     author={R. Franke},
     year=1985,
     title={Thin plate spline with tension},
     journal={Computer Aided Geometric Design},
     volume=2,
     pages={87-95}
     }

@ARTICLE{Mal92,
     author={J. L. Mallet},
     year=1992,
     title={Discrete smooth interpolation in geometric modeling},
     journal={Computer-Aided Design},
     volume=24,
     pages={178-191}
     }

@ARTICLE{Mal97,
     author={J. L. Mallet},
     year=1997,
     title={Discrete modeling for natural objects},
     journal={Math. Geol.},
     volume=29,
     pages={199-219}
     }

@ARTICLE{Ser97,
     author={G\'eza Seriani},
     year=1997,
     title={A parallel spectral element method for acoustic wave modeling},
     journal=jca,
     volume=5,
     pages={53-69}
     }

@ARTICLE{Ser98,
     author={G\'eza Seriani},
     year=1998,
     title={3-{D} large-scale wave propagation modeling by a spectral element method on a {C}ray {T3E} multiprocessor},
     journal=cmame,
     volume=164,
     pages={235-247}
     }

@ARTICLE{QuTaZa98,
     author={A. Quarteroni and A. Tagliani and E. Zampieri},
     year=1998,
     title={Generalized {G}alerkin approximations of elastic waves with absorbing boundary conditions},
     journal=cmame,
     volume=163,
     pages={323-341}
     }

@ARTICLE{WaGr98,
     author={D. J. Wald and R. W. Graves},
     year=1998,
     title={The seismic response of the {L}os {A}ngeles basin, {C}alifornia},
     journal=bssa,
     volume=88,
     pages={337-356}
     }

@ARTICLE{PaFaMa99,
     author={R. Paolucci and E. Faccioli and F. Maggio},
     year=1999,
     title={3{D} response analysis of an instrumented hill at {M}atsuzaki, {J}apan, by a spectral method},
     journal={J. Seismol.},
     volume=3,
     pages={191-209}
     }

@ARTICLE{PiIrIw98,
     author={A. Pitarka and K. Irikura and T. Iwata and H. Sekiguchi},
     year=1998,
     title={Three-dimensional simulation of the near-fault ground motion for the 1995 {H}yogo-ken {N}anbu ({K}obe), {J}apan, earthquake},
     journal=bssa,
     volume=88,
     pages={428-440}
     }

@ARTICLE{Wal96,
     author={D. J. Wald},
     year=1996,
     title={Slip history of the 1995 {K}obe, {J}apan, earthquake determined from strong motion, teleseismic, and geodetic data},
     journal={J. Phys. Earth},
     volume=44,
     pages={489-503}
     }

@ARTICLE{WaHeHu96,
     author={D. J. Wald and T. H. Heaton and K. W. Hudnut},
     year=1996,
     title={The slip history of the 1994 {N}orthridge, {C}alifornia, earthquake determined from strong ground motion, teleseismic, {GPS}, and leveling data},
     journal=bssa,
     volume=86,
     pages={S49-S70}
     }

@ARTICLE{BeHeRo99,
     author={A. Berm\'udez and L. Hervella-Nieto and R. Rodriguez},
     year=1999,
     title={Finite element computation of three-dimensional elastoacoustic vibrations},
     journal={J. Sound Vibr.},
     volume=219,
     pages={279-306}
     }

@ARTICLE{PaFe80,
     author={K. C. Park and C. A. Felippa},
     year=1980,
     title={Partitioned transient analysis procedures for coupled field problems: accuracy analysis},
     journal={J. Appl. Mech.},
     volume=47,
     pages={916-926}
     }

@ARTICLE{FeDe84,
     author={C. A. Felippa and J. A. Deruntz},
     year=1984,
     title={Finite-element analysis of shock-induced hull cavitation},
     journal=cmame,
     volume=44,
     pages={297-337}
     }

@ARTICLE{Bos91,
     author={L. Bos},
     year=1991,
     title={On certain configurations of points in {{\rm I\kern -0.18 em R}$^n$} which are unisolvent for polynomial interpolation},
     journal={J. Approx. Theory},
     volume=64,
     pages={271-280}
     }

@ARTICLE{ChenBabu95,
     author={Q. Chen and I. Babu{\v s}ka},
     year=1995,
     title={Approximate optimal points for polynomial interpolation of real functions in an interval and in a triangle},
     journal=cmame,
     volume=128,
     pages={405-417}
     }

@ARTICLE{ChenBabu96,
     author={Q. Chen and I. Babu{\v s}ka},
     year=1996,
     title={The optimal symmetrical points for polynomial interpolation of real functions in the tetrahedron},
     journal=cmame,
     volume=137,
     pages={89-94}
     }

@ARTICLE{Dub93,
     author={M. Dubiner},
     year=1993,
     title={Spectral methods on triangles and other domains},
     journal={J. Sci. Comp.},
     volume=6,
     pages={345-390}
     }

@ARTICLE{Fejer32,
     author={L. Fej\'er},
     year=1932,
     title={Bestimmung derjenigen {A}bszissen eines {I}ntervalles f\"ur welche die {Q}uadratsumme der {G}rundfunktionen der {L}agrangeschen {I}nterpolation im {I}ntervalle $[-1,1]$ ein m\"oglichst kleines {M}aximum besitzt},
     journal={Ann. Scuola Norm. Sup. Pisa Sci. Fis. Mt. Ser. II},
     volume=1,
     pages={263-276}
     }

@ARTICLE{Hest98,
     author={J. S. Hesthaven},
     year=1998,
     title={From electrostatics to almost optimal nodal sets for polynomial interpolation in a simplex},
     journal={SIAM J. Numer. Anal.},
     volume=35,
     pages={655-676}
     }

@ARTICLE{Hest99,
     author={J. S. Hesthaven and C. H. Teng},
     year=2000,
     title={Stable spectral methods on tetrahedral elements},
     journal={SIAM J. Sci. Comput.},
     volume=21,
     pages={2352-2380}
     }

@ARTICLE{Cools94,
     author={J. Lyness and R. Cools},
     year=1994,
     title={A survey of numerical cubature over triangles},
     journal={Proceedings of Symposia in Applied Mathematics},
     volume=48,
     pages={127-150}
     }

@ARTICLE{ShKarn95,
     author={S. J. Sherwin and G. E. Karniadakis},
     year=1995,
     title={A triangular spectral element method: applications to the incompressible {N}avier-{S}tokes equations},
     journal=cmame,
     volume=123,
     pages={189-229}
     }

@ARTICLE{TayWin98,
     author={M. A. Taylor and B. A. Wingate},
     year=2000,
     title={The {F}ekete collocation points for triangular spectral elements},
     journal={SIAM J. Numer. Anal.},
      note={in press}
     }

@ARTICLE{TayWin99,
     author={M. A. Taylor and B. A. Wingate},
     year=2000,
     title={A generalized diagonal mass matrix spectral element method for non-quadrilateral elements},
     journal={Appl. Num. Math.},
     volume=33,
     pages={259-265}
     }

@MISC{Bos98,
     author={L. Bos},
     year=1998,
      note={personal communication}
     }

@ARTICLE{FuKeFu99,
      author={T. Furumura and B. L. N. Kennett and M. Furumura},
      year=1999,
      title={Seismic wavefield calculation for laterally heterogeneous
whole {E}arth models--{II}. The influence of upper mantle heterogeneity},
      journal=gji,
      volume=139,
      number=3,
      pages={623--644}
}

@ARTICLE{IgWe95,
      author={H. Igel and M. Weber},
      year=1995,
      title={{SH}-wave propagation in the whole mantle using high-order finite
      differences},
      journal=grl,
      volume=22,
      pages={731--734}
}

@ARTICLE{Ig99,
      author={H. Igel},
      year=1999,
      title={Wave propagation in three-dimensional spherical sections
      by the {C}hebyshev spectral method},
      journal=gji,
      volume=136,
      pages={559--566}
}

@ARTICLE{IgNiJa02,
      author={H. Igel and T. Nissen-Meyer and G. Jahnke},
      year=2002,
      title={Wave propagation in 3D spherical sections: effects of subduction zones},
      journal=pepi,
      volume=132,
      pages={219--234}
}`

@ARTICLE{IgGu97,
      author={H. Igel and O. Gudmundsson},
      year=1997,
      title={Frequency-dependent effects on travel times and
waveforms of long-period {S} and {SS} waves},
      journal=pepi,
      volume=104,
      pages={229--246}
}

@ARTICLE{IgWe96,
      author={H. Igel and M. Weber},
      year=1996,
      title={{P-SV} wave propagation in the whole mantle using
      high-order finite differences: application to lowermost
      mantle structure},
      journal=grl,
      volume=23,
      pages={415--418}
}

@ARTICLE{TaTrIs97,
     author={M. Taylor and J. Tribbia and M. Iskandarani},
     year=1997,
     title={The spectral element method for the shallow water equation on the sphere},
     journal=jcp,
     volume=130,
     pages={92-108}
     }

@ARTICLE{ChTa97,
     author={E. Chaljub and A. Tarantola},
     year=1997,
     title={Sensitivity of {SS} precursors to topography on the upper-mantle 660-km discontinuity},
     journal=grl,
     volume=24,
     number=21,
     pages={2613--2616}
     }

@ARTICLE{CoMo98a,
  author = {F. Collino and P. Monk},
  title = {Optimizing the {P}erfectly {M}atched {L}ayer},
  year = {1998},
  journal =cmame,
  volume = 164,
  pages = {157-171}
}

@ARTICLE{Col97,
  author = {F. Collino},
  title = {{P}erfectly matched absorbing layers for the paraxial equations},
  year = {1997},
  journal =jcp,
  volume = 131,
  pages = {164-180}
}

@ARTICLE{CoTs01,
  author = {F. Collino and C. Tsogka},
  title = {Application of the {PML} absorbing layer model to the linear elastodynamic problem in anisotropic heterogeneous media},
  year = 2001,
  journal =geophysics,
  volume = 66,
  number = 1,
  pages = {294-307}
}

@ARTICLE{Car99,
  author = {J. M. Carcione},
  title = {Staggered mesh for the anisotropic and viscoelastic wave equation},
  year = {1999},
  journal =geophysics,
  volume = 64,
  pages = {1863-1866}
}

@ARTICLE{MoKrHa2000,
  author = {P. Moczo and J. Kristek and L. Halada},
  title = {3-D fourth-order staggered-grid finite-difference schemes: stability and grid dispersion},
  year = {2000},
  journal =bssa,
      note={in press}
}

@ARTICLE{KeSi96,
      author={J. M. Kendall and P. G. Silver},
      year=1996,
      title={Constraints from seismic anisotropy on the nature of the lowermost mantle},
      journal={Nature},
      volume=381,
      pages={409}
}

@ARTICLE{GaLa97,
      author={E. Garnero and T. Lay},
      year=1997,
      title={Lateral variations in lowermost mantle shear wave anisotropy beneath the north {P}acific and {A}laska},
      journal={J. Geophys. Res.},
      volume=102,
      pages={8121-8135}
}

@ARTICLE{ViBrRo98,
      author={L. Vinnik and L. Breger and B. Romanowicz},
      year=1998,
      title={Anisotropic structures at the base of the {E}arth's mantle},
      journal={Nature},
      volume=393,
      pages={564-567}
}

@ARTICLE{MaDaClGr2000,
      author={H. Magistrale and S. Day and R. W. Clayton and R. Graves},
      year=2000,
      title={The {SCEC} {S}outhern {C}alifornia reference three-dimensional seismic velocity model version~2},
      journal=bssa,
      volume=90,
      pages={S65--S76}
}

@ARTICLE{MaMcDa96,
      author={H. Magistrale and K. McLaughlin and S. Day},
      year=1996,
      title={A geology based 3-{D} velocity model of the {L}os {A}ngeles basin sediments},
      journal=bssa,
      volume=86,
      pages={1161--1166}
}

@ARTICLE{ShSh99,
      author={J. H. Shaw and P. Shearer},
      year=1999,
      title={An elusive blind-thrust fault beneath metropolitan {L}os {A}ngeles},
      journal={Science},
      volume=283,
      pages={1516--1518}
}

@ARTICLE{GoKo2000,
      author={C. Gout and D. Komatitsch},
      year=2000,
      title={Surface fitting of rapidly varying data using rank coding: application to geophysical surfaces},
      journal={Math. Geol.},
      volume=32,
      number=7,
      pages={873--888}
}

@ARTICLE{GoKo2002,
      author={D. Apprato and C. Gout and D. Komatitsch},
      year=2002,
      title={A new method for {{$C^k$-}}surface approximation from a set of curves, with application to ship track data in the {M}arianas trench},
      journal={Math. Geol.},
      volume=34,
      number=7,
      pages={831--843}
}

@ARTICLE{JiWaBe95,
      author={W. Jiao and T. C. Wallace and S. L. Beck},
      year=1995,
      title={Evidence for static displacements from the {J}une 9, 1994 deep {B}olivian earthquake},
      journal=grl,
      volume=22,
      number=16,
      pages={2285--2288}
}

@ARTICLE{KaBi93,
      author={L. F. Kallivokas and J. Bielak},
      year=1993,
      title={Time-domain analysis of transient structural acoustics problems based on the finite element method and a novel boundary element},
      journal=jasa,
      volume=94,
      number=6,
      pages={3480--3492}
}

@ARTICLE{Eve81,
      author={G. C. Everstine},
      year=1981,
      title={A symmetric potential formulation for fluid-structure interaction},
      journal={ASME J. Sound Vib.},
      volume=79,
      number=1,
      pages={157--160}
}

@ARTICLE{KoMaTrTaWi01,
      author={D. Komatitsch and R. Martin and J. Tromp and M. A. Taylor and B. A. Wingate},
      year=2001,
      title={Wave propagation in 2-{D} elastic media using a spectral element method with triangles and quadrangles},
      journal=jca,
      volume=9,
      number=2,
      pages={703--718}
}

@ARTICLE{Sad72,
      author={R. Sadourny},
      year=1972,
      title={Conservative finite-difference approximations of the primitive equations on quasi-uniform spherical grids},
      journal={Monthly Weather Review},
      volume=100,
      pages={136--144}
}

@ARTICLE{Val86,
      author={B. Valette},
      year=1986,
      title={About the influence of prestress upon the adiabatic perturbations of the {E}arth},
      journal=gjras,
      volume=85,
      pages={179--208}
}

@ARTICLE{FeVi05,
      author={G. Festa and J. P. Vilotte},
      year=2005,
      title={The {N}ewmark scheme as velocity-stress time-staggering:
and efficient PML implementation for spectral element simulations of
elastodynamics},
      journal=gji,
      volume=161,
      pages={789--812}
}

@ARTICLE{CaRo03,
      author={Y. Capdeville and B. Romanowicz},
      year=2003,
      title={Coupling spectral elements and modes in a spherical Earth: an extension to the 'sandwich' case},
      journal=gji,
      volume=154,
      pages={44--57}
}

@ARTICLE{CaChViMo03,
      author={Y. Capdeville and E. Chaljub and J. P. Vilotte and J. P. Montagner},
      year=2003,
      title={Coupling the spectral element method with a modal solution for elastic wave propagation in global {E}arth models},
      journal=gji,
      volume=152,
      pages={34--67}
}

@ARTICLE{HaSlTu00,
      author={I. Harari and M. Slavutin and E. Turkel},
      year=2000,
      title={Analytical and numerical studies of a finite element {PML} for the {H}elmholtz equation},
      journal=jca,
      volume=8,
      number=1,
      pages={121--137}
}

@ARTICLE{SoKuGeFlSm87,
      author={J. Sochacki and R. Kubichek and J. George and W. R. Fletcher and S. Smithson},
      year=1987,
      title={Absorbing boundary conditions and surface waves},
      journal=geophysics,
      volume=52,
      number=1,
      pages={60--71}
}

@ARTICLE{Gro00,
      author={M. J. Grote},
      year=2000,
      title={Nonreflecting boundary conditions for elastodynamics scattering},
      journal=jcp,
      volume=161,
      pages={331--353}
}

@ARTICLE{HaHa98,
      author={T. Hagstrom and S. I. Hariharan},
      year=1998,
      title={A formulation of asymptotic and exact boundary conditions using local operators},
      journal={Appl. Num. Math.},
      volume=27,
      pages={403--416}
}

@ARTICLE{ChLi96,
      author={W. C. Chew and Q. Liu},
      year=1996,
      title={{P}erfectly {M}atched {L}ayers for elastodynamics: a new absorbing boundary condition},
      journal=jca,
      volume=4,
      number=4,
      pages={341--359}
}

@ARTICLE{TeCh99,
      author={F. L. Teixeira and W. C. Chew},
      year=1999,
      title={On causality and dynamic stability of {P}erfectly {M}atched {L}ayers for {FDTD} simulations},
      journal={IEEE transactions on Microwave Theory and Techniques},
      volume=47,
      number=6,
      pages={775--785}
}

@ARTICLE{CoMo98b,
      author={F. Collino and P. Monk},
      year=1998,
      title={The {P}erfectly {M}atched {L}ayer in curvilinear coordinates},
      journal={SIAM J. Sci. Comput.},
      volume=19,
      number=6,
      pages={2061--2090}
}

@ARTICLE{SaKiLeLe95,
      author={Z. S. Sacks and D. M. Kingsland and R. Lee and J. F. Lee},
      year=1995,
      title={A {P}erfectly {M}atched anisotropic absorber for use as an absorbing boundary condition},
      journal={IEEE transactions on Antennas and Propagation},
      volume=43,
      number=12,
      pages={1460--1463}
}

@ARTICLE{WuKiLeLe97,
      author={J. Y. Wu and D. M. Kingsland and J. F. Lee and R. Lee},
      year=1997,
      title={A comparison of anisotropic {PML} to {B\'e}renger's {PML} and its application to the finite-element method for {EM} scattering},
      journal={IEEE transactions on Antennas and Propagation},
      volume=45,
      number=1,
      pages={40--50}
}

@ARTICLE{ZhCa96,
      author={L. Zhao and A. C. Cangellaris},
      year=1996,
      title={{GT-PML}: generalized theory of {P}erfectly {M}atched {L}ayers and its application to the reflectionless truncation of {F}inite-{D}ifference {T}ime-{D}omain grids},
      journal={IEEE transactions on Microwave Theory and Techniques},
      volume=44,
      number=12,
      pages={2555--2563}
}

@ARTICLE{QiGe98,
      author={Q. Qi and T. L. Geers},
      year=1998,
      title={Evaluation of the {P}erfectly {M}atched {L}ayer for computational acoustics},
      journal=jcp,
      volume=139,
      number=1,
      pages={166--183}
}

@ARTICLE{Biel84,
      author={J. Bielak and P. Christiano},
      year=1984,
      title={On the effective seismic input for non-linear soil-structure interaction systems},
      journal={Earthquake Eng. Struct. Dyn.},
      volume=12,
      pages={107--119}
}

@ARTICLE{Carcio96,
      author={J. M. Carcione},
      year=1996,
      title={Elastodynamic of a non-ideal interface: application to crack and fracture scattering},
      journal=jgr,
      volume=101,
      number={B12},
      pages={28177--28188}
}

@ARTICLE{Huang95,
      author={J. Y. Huang},
      year=1995,
      title={Interaction of {$SH$} waves with a finite crack in half space},
      journal={Eng. Frac. Mech.},
      volume=51,
      pages={217--224}
}

@ARTICLE{Hud96,
      author={J. A. Hudson and E. Liu and S. Crampin},
      year=1996,
      title={The mechanical properties of materials with interconnected cracks and pores},
      journal=gji,
      volume=124,
      pages={105--112}
}

@ARTICLE{Kra76,
      author={E. Kraut},
      year=1976,
      title={Review of theories of scattering of elastic waves by cracks},
      journal={IEEE Trans. S. U.},
      volume=3,
      pages={162--167}
}

@ARTICLE{WaTa01,
      author={Y. Wang and H. Takenaka},
      year=2001,
      title={A multidomain approach of the Fourier pseudospectral method
using discontinuous grid for elastic wave modeling},
      journal={{E}arth {P}lanets {S}pace},
      volume=53,
      pages={149--158}
}

@ARTICLE{WaTaFu01,
      author={Y. Wang and H. Takenaka and T. Furumura},
      year=2001,
      title={Modelling seismic wave propagation in a two-dimensional cylindrical whole-{E}arth model using the pseudospectral method},
      journal=gji,
      volume=145,
      pages={689--708}
}

@ARTICLE{Poin98,
      author={T. Pointer and E. Liu and J. A. Hudson},
      year=1998,
      title={Numerical modelling of seismic waves scattered by hydrofractures: application of the indirect boundary method},
      journal=gji,
      volume=135,
      pages={289--303}
}

@ARTICLE{Poin00,
      author={T. Pointer and E. Liu and J. A. Hudson},
      year=2000,
      title={Seismic wave propagation in cracked porous media},
      journal=gji,
      volume=141,
      pages={199--231}
}

@ARTICLE{SesmaViv01,
      author={F. J. S{\'a}nchez-Sesma and U. Iturrar{\'a}n-Viveros},
      year=2001,
      title={Scattering and diffraction of {$SH$} waves by a finite crack: an analytical solution},
      journal=gji,
      volume=145,
      pages={749--758}
}

@ARTICLE{Sukum00,
      author={N. Sukumar and N. Mo\"es and B. Moran and T. Belytschko},
      year=2000,
      title={Extended Finite Element Method for Three-Dimensional Crack Modeling},
      journal=ijnme,
      volume=48,
      number=11,
      pages={1549--1570}
}

@ARTICLE{BeJoTs2001,
      author={E. B\'ecache and P. Joly and C. Tsogka},
      year=2001,
      title={Fictitious Domains, Mixed Finite Elements and {P}erfectly {M}atched {L}ayers for {2-D} Elastic Wave Propagation},
      journal=jca,
      volume=9,
      number=3,
      pages={1175--1203}
}

@ARTICLE{nataf2000,
        AUTHOR="H.-C. Nataf",
        TITLE={{Seismic imaging of mantle plumes}},
        JOURNAL="Annual Review of Earth and Planetary Sciences",
        YEAR="2000",
        VOLUME="28",
        PAGES="391--417",
        }

@ARTICLE{loperlay1995,
        AUTHOR="D. E. Loper and T. Lay",
        TITLE={{The core-mantle boundary region}},
        JOURNAL="Journal of Geophysical Research-Solid Earth",
        YEAR="1995",
        VOLUME="100",
        PAGES="6397--6420",
        }

@ARTICLE{montagner1998,
        AUTHOR="J.-P. Montagner",
        TITLE={{Where can seismic anisotropy be detected in the Earth's mantle? In boundary layers \ldots}},
        JOURNAL=pageoph,
        YEAR="1998",
        VOLUME="151",
        PAGES="223--256",
        }

@ARTICLE{silver1996,
        AUTHOR="P. G. Silver",
        TITLE={{Seismic anisotropy beneath the continents: Probing the depths of geology}},
        JOURNAL="Annual Review of Earth and Planetary Sciences",
        YEAR="1996",
        VOLUME="24",
        PAGES="385--xxx",
        }

@ARTICLE{beckerboschi2002,
        AUTHOR="T. W. Becker and L. Boschi",
        TITLE={{A comparison of tomographic and geodynamic mantle models}},
        JOURNAL="Geochem. Geophys. Geosyst.",
        YEAR="2002",
        VOLUME="3",
        PAGES="",
        }

@ARTICLE{ritzwollerlavely1995,
        AUTHOR="M. H. Ritzwoller and E. M. Lavely",
        TITLE={{3--dimensional models of the Earth's mantle}},
        JOURNAL="Reviews of Geophysics",
        YEAR="1995",
        VOLUME="33",
        PAGES="1--66",
        }

@ARTICLE{garnero2000,
        AUTHOR="E. J. Garnero",
        TITLE={{Heterogeneity of the lowermost mantle}},
        JOURNAL="Annual Review of Earth and Planetary Sciences",
        YEAR="2000",
        VOLUME="33",
        PAGES="1--66",
        }

@ARTICLE{romanowicz1998,
        AUTHOR="B. Romanowicz",
        TITLE={{Attenuation tomography of the Earth's mantle: a review of current status}},
        JOURNAL=pageoph,
        YEAR="1998",
        VOLUME="153",
        PAGES="257--272",
        }

@ARTICLE{helmbergeretal1996,
        AUTHOR="D. V. Helmberger and E. J. Garnero and X. Ding",
        TITLE={{Modeling two-dimensional structure at the core-mantle boundary}},
        JOURNAL=jgr,
        YEAR="1996",
        VOLUME="101",
        PAGES="13,963--13,972",
        }

@ARTICLE{helmbergerburdick1979,
        AUTHOR="D. V. Helmberger and L. J. Burdick",
        TITLE={{Synthetics seismograms}},
        JOURNAL="Annual Review of Earth and Planetary Sciences",
        YEAR="1979",
        VOLUME="7",
        PAGES="417--442",
        }

@ARTICLE{fuchsmuller1971,
        AUTHOR="K Fuchs and G. Muller",
        TITLE={{Computation of synthetic seismograms with the reflectivity method and comparison of observations}},
        JOURNAL=gjras,
        YEAR="1971",
        VOLUME="23",
        PAGES="417--433",
        }

@ARTICLE{gilberthelmberger1972,
        AUTHOR="F. Gilbert and D. V. Helmberger",
        TITLE={{Generalized ray theory for a layered sphere}},
        JOURNAL=gjras,
        YEAR="1972",
        VOLUME="27",
        PAGES="57--80",
        }

@ARTICLE{gilbert1970,
        AUTHOR="F. Gilbert",
        TITLE={{Excitation of the normal modes of the Earth by earthquake sources}},
        JOURNAL=gjras,
        YEAR="1970",
        VOLUME="22",
        PAGES="223--226",
        }

@ARTICLE{cormier1999,
        AUTHOR="V. F. Cormier",
        TITLE={{Anisotropy of heterogeneity scale lengths in the lower mantle from PKIKP precursors}},
        JOURNAL=gji,
        YEAR="1999",
        VOLUME="136",
        PAGES="373--384",
        }

@ARTICLE{wenhelmberger1998,
        AUTHOR="L. X. Wen and D. V. Helmberger",
        TITLE={{A two-dimensional P-SV hybrid method and its application to modeling localized structures near the core-mantle boundary}},
        JOURNAL=jgr,
        YEAR="1998",
        VOLUME="103",
        PAGES="17,901--17,918",
        }

@ARTICLE{wenetal2001,
        AUTHOR="L. X. Wen and P. G. Silver and D. James and R. Kuehnel",
        TITLE={{Seismic evidence for a thermo-chemical boundary at the base of the Earth's mantle}},
        JOURNAL="Earth Planet. Sci. Lett.",
        YEAR="2001",
        VOLUME="189",
        PAGES="141--153",
        }

@ARTICLE{nietal2002,
        AUTHOR="S. D. Ni and E. Tan and M. Gurnis and D. V. Helmberger",
        TITLE={{Sharp sides to the African superplume}},
        JOURNAL="Science",
        YEAR="2002",
        VOLUME="296",
        PAGES="1850--1852",
        }

@ARTICLE{nietal2000,
        AUTHOR="S. D. Ni and X. M. Ding and D. V. Helmberger",
        TITLE={{Constructing synthetics from deep earth tomographic models}},
        JOURNAL=gji,
        YEAR="2000",
        VOLUME="140",
        PAGES="71--82",
        }

@ARTICLE{zhaoetal2000,
        AUTHOR="L. Zhao and T. H. Jordan and C. H. Chapman",
        TITLE={Three-dimensional {F}r\`{e}chet differential kernels for
seismic delay times},
        JOURNAL=gji,
        YEAR="2000",
        VOLUME="141",
        PAGES="558--576",
        }

@ARTICLE{ritsemaetal1999,
        AUTHOR="J. Ritsema and H. J. van Heijst and J. H. Woodhouse",
        TITLE={{Complex shear velocity structure imaged beneath Africa and Iceland}},
        JOURNAL="Science",
        YEAR="1999",
        VOLUME="286",
        PAGES="1925--1928"
        }

@ARTICLE{ritsemavanheijst2002,
        AUTHOR="J. Ritsema and H. J. van Heijst",
        TITLE={{Constraints on the correlation of P- and S-wave velocity
heterogeneity in the mantle from P, PP, PPP, and PKPab traveltimes}},
        JOURNAL=gji,
        YEAR="2002",
        VOLUME="149",
        PAGES="482--489"
        }

@ARTICLE{romanowiczgung2002,
        AUTHOR="B. Romanowicz and Y. C. Gung",
        TITLE={{Superplumes from the core-mantle boundary to the lithosphere: implications for heat flux}},
        JOURNAL="Science",
        YEAR="2002",
        VOLUME="296",
        PAGES="513--516",
        }

@ARTICLE{reidetal2001,
        AUTHOR="F. J. L. Reid and J. H. Woodhouse and H. J. van Heijst",
        TITLE={{Upper mantle attenuation and velocity structure from measurements of differential S phases}},
        JOURNAL=gji,
        YEAR="2001",
        VOLUME="145",
        PAGES="615--630"
        }

@ARTICLE{ritsemaetal2002,
        AUTHOR="J. Ritsema and L. A. Rivera and D. Komatitsch and J. Tromp and H. J. van Heijst",
        TITLE={{The effects of crust and mantle heterogeneity on PP/P and SS/S amplitude ratios}},
        JOURNAL=grl,
        YEAR="2002",
        VOLUME="29",
        PAGES="10.1029"
        }

@ARTICLE{fletcher&reeves1964,
        AUTHOR="R. Fletcher and C.M. Reeves",
        TITLE={{Function minimization by conjugate gradients}},
        JOURNAL="Comp. J.",
        YEAR="1964",
        VOLUME="7",
        PAGES="149--154"
        }

@ARTICLE{montellietal2003,
        AUTHOR="R. Montelli and G. Nolet and F.A. Dahlen and
G. Masters and E. R. Engdahl and S.-H. Hung",
        TITLE={{Finite-Frequency Tomography Reveals a Variety of Plumes in the Mantle}},
        JOURNAL=science,
        VOLUME="303",
        YEAR="2004",
        PAGES="338--343"
        }

@ARTICLE{nolet90,
citekey={nolet90},
author={G. Nolet},
title={Partitioned waveform inversion and two-dimensional structure
under the Network of Autonomously Recording Seismographs},
journal={J. Geophys. Res.},
year=1990,
volume=95,
pages={8499--8512},
}

@ARTICLE{noletdahlen2000,
        AUTHOR="G. Nolet and F. A. Dahlen",
        TITLE={{Wavefront healing and the evolution of seismic delay times}},
        JOURNAL=jgr,
        YEAR="2000",
        VOLUME="105",
        PAGES="19,043--19,054"
        }

@ARTICLE{dahlen2004,
        AUTHOR="F. A. Dahlen",
        TITLE={{Finite-frequency sensitivity kernels for boundary topography perturbations}},
        JOURNAL=gji,
        YEAR="2004",
        note={in preparation.}
        }

@ARTICLE{spetzleretal2001,
        AUTHOR="J. Spetzler and J. Trampert and R. Snieder",
        TITLE={{Are we exceeding the limits of the great circle approximation in global surface wave tomography?}},
        JOURNAL=grl,
        YEAR="2001",
        VOLUME="28",
        PAGES="2341--2344"
        }

@ARTICLE{AbGoHe02,
      author={S. Abarbanel and D. Gottlieb and J. S. Hesthaven},
      year=2002,
      title={Long time behavior of the {P}erfectly {M}atched {L}ayer equations in computational electromagnetics},
      journal={\todimi{UNKNOWN UNKNOWN UNKNOWN UNKNOWN}},
      volume=9999,
      pages={9999--9999}
}

@ARTICLE{NaNeHu02,
      author={I. M. Navon and B. Neta and M. Y. Hussaini},
      year=2002,
      title={A {P}erfectly {M}atched {L}ayer formulation for the nonlinear shallow water equation models: the split equation approach},
      journal={Monthly Weather Review},
      note={in press.}
}

@ARTICLE{CoFa03,
      author={G. Cohen and S. Fauqueux},
      year=2003,
      title={Mixed spectral finite elements for the linear elasticity system in unbounded domains},
      journal={SIAM J. Sci. Comput.},
      note={in press.}
}

@ARTICLE{ChWe94,
      author={W. C. Chew and W. H. Weedon},
      year=1994,
      title={A {3-D} perfectly matched medium from modified {M}axwell's equations with stretched coordinates},
      journal={Microwave Opt. Technol. Lett.},
      volume=7,
      number=13,
      pages={599--604}
}

@ARTICLE{WiRa00,
      author={S. C. Winton and C. M. Rappaport},
      year=2000,
      title={Specifying {PML} conductivities by considering numerical reflection dependencies},
      journal={IEEE transactions on Antennas and Propagation},
      volume=48,
      number=7,
      pages={1055--1063}
}

@ARTICLE{ZeHeLi01,
      author={Y. Q. Zeng and J. Q. He and Q. H. Liu},
      year=2001,
      title={The application of the perfectly matched layer in numerical modeling of wave propagation in poroelastic media},
      journal=geophysics,
      volume=66,
      number=4,
      pages={1258--1266}
}

@ARTICLE{BaBiPr98,
      author={I. B\'ardi and O. B\'{\i}r\'o and K. Preis},
      year=1998,
      title={{P}erfectly {M}atched {L}ayers in static fields},
      journal={IEEE transactions on Magnetics},
      volume=34,
      number=5,
      pages={2433--2436}
}

@ARTICLE{KoYiTs99,
      author={T. I. Kosmanis and T. V. Yioultsis and T. D. Tsiboukis},
      year=1999,
      title={Perfectly matched anisotropic layer for the numerical analysis of unbounded eddy-current problems},
      journal={IEEE transactions on Magnetics},
      volume=35,
      number=6,
      pages={4452--4458}
}

@ARTICLE{Hest98b,
     author={J. S. Hesthaven},
     year=1998,
     title={On the analysis and construction of perfectly matched layers for the linearized {E}uler equations},
     journal=jcp,
     volume=142,
     number=1,
     pages={129-147}
     }

@ARTICLE{LiTa97,
     author={Q. Liu and J. Tao},
     year=1997,
     title={The perfectly matched layer for acoustic waves in absorptive media},
     journal=jasa,
     volume=102,
     number=4,
     pages={2072-2082}
     }

@ARTICLE{BeFaJo03,
     author={E. B\'ecache and S. Fauqueux and P. Joly},
     year=2003,
     title={Stability of {P}erfectly {M}atched {L}ayers, group velocities and anisotropic waves},
     journal=jcp,
     note={in press.}
}

@misc{KiYa2002,
author={M. Kikuchi and Y. Yamanaka},
year=2002,
title={Source rupture process of the central {A}laska earthquake of {N}ovember 3, 2002, inferred from teleseismic body waves},
note={ERI, University of Tokyo, Japan, wwweic.eri.u-tokyo.ac.jp/EIC/EIC\_News/021103AL-e.html}
}

@misc{usgsLAmap,
author={USGS},
year=2003,
title={United {S}tates {G}eological {S}urvey {S}outhern {C}alifornia topography map},
note={available online at www.usgs.gov.}
}

@misc{notedownlaod, note = "We encourage interested research groups to download the
SEM software package from the `Theoretical and Computational Seismology'
webpage of the Seismological Laboratory at Caltech
({\tt http://www.gps.caltech.edu/research/jtromp})."}

@misc{notestationcorrection, note = "The shear-wave speed ($V_s$) model is based upon a simple scaling relation to compressional-wave speed ($V_p)$~\cite{notesciencevsrho}. Rather than trying to determine an optimal scaling relation, or an independent shear-wave speed model, we choose to use such a simple scaling, but allow for deficiencies in the $V_s$ model by introducing a station correction. These corrections are generally small, typically less than plus or minus one~second"}

@misc{notesciencevsrho, note = "Shear-wave velocity $V_s$ is defined by dividing $V_p$ by a coefficient that varies linearly from 1.732 in the deepest part of the basin (i.e., Poisson's coefficient of 0.25) to 2 in the shallow sediments near the surface(i.e., Poisson's coefficient of 0.33).
Based upon well-log information,
density is defined by $\rho = V_p/3 + 1280$, imposing a minimum of 2000~kg.m$^{-3}$ and maximum of 3000~kg.m$^{-3}$."}

@misc{notehonormesh, note = "It is important to honor the major discontinuities in the velocity model when creating a mesh of the structure, to avoid numerical diffraction by a staircase discretization of the complex-shaped interfaces in the case of a regular grid."}

@misc{notePMLnotused, note = "More accurate absorbing boundary conditions
such as the Perfectly Matched Layer (PML)~\cite{CoTs01} could be used instead,
but because we use a large mesh, simpler paraxial conditions are sufficient."}

@misc{notesmallevents, note = "The SEM is not limited to point sources:
a finite size source can be used by summing
individual contributions from points located along the fault plane.
To obtain the source mechanism for this event we performed a 3D
centroid-moment tensor inversion based upon the basin model and the SEM.
The solution is in excellent agreement with first-motion and surface-wave estimates."}

@misc{notedegreesfreedom, note = "The cost of calculation is due to the
fact that the mesh contains 498 million degrees of freedom."}

@ARTICLE{KoTr02ascience,
     author={D. Komatitsch and J. Tromp},
     year=2002,
     title={Spectral-Element Simulations of Global Seismic Wave Propagation{-I. V}alidation},
     journal=gji,
     volume=149,
     note="The article discusses the theoretical
and numerical aspects of the SEM and validates the method
for seismic wave propagation at the scale of the entire globe.",
     pages={390-412}}

@PHDTHESIS{Ch00science,
      author={E. Chaljub},
      year=2000,
      school={Universit\'e Paris {\sc VII} Denis Diderot},
      address={Paris, France},
      note={This work introduces the first implementation of the SEM for global wave propagation.},
      title={Mod\'elisation num\'erique de la propagation d'ondes sismiques
en g\'eom\'etrie sph\'erique: application \`a la sismologie globale}
}

@ARTICLE{DzAn81science,
     author={A. M. Dziewonski and D. L. Anderson},
     year=1981,
     title={Preliminary reference {E}arth model},
     journal=pepi,
     volume=25,
     note={The PREM is a 1D transversely isotropic, anelastic velocity and density reference model of the Earth},
     pages={297--356}
}

@ARTICLE{ApLu83,
     author={R. J. Apsel and J. E. Luco},
     year=1983,
     title={On the {G}reen's functions for a layered half-space},
     journal=bssa,
     volume=73,
     pages={931--951}
}

@ARTICLE{HaKa77,
      author={D. Hadley and H. Kanamori},
      year=1977,
      title={Seismic structure of the {T}ransverse {R}anges, {C}alifornia},
      journal="Geol. Soc. Am. Bull.",
      volume=88,
      pages={1469-1478}
}

@ARTICLE{socal,
      author={D. Hadley and H. Kanamori},
      year=1977,
      title={Seismic structure of the {T}ransverse {R}anges, {C}alifornia},
      journal="Geol. Soc. Am. Bull.",
      volume=88,
      pages={1469-1478}
}

@ARTICLE{DrHe90,
      author={D. S. Dreger and D. V. Helmberger},
      year=1990,
      title={Broadband modeling of local earthquakes},
      journal=bssa,
      volume=80,
      pages={1162-1179}
}

@ARTICLE{woodhouse&girnius82,
author={J. H. Woodhouse and T. P. Girnius},
title={Surface waves and free oscillations in a
regionalized Earth model},
journal={Geophys. J. Roy. Astron. Soc.},
year=1982,
volume=68,
pages={653--673},
}

@ARTICLE{deuss&woodhouse2001,
      author={A. Deuss and J. H. Woodhouse},
      year=2001,
      title={Theoretical free-oscillation spectra: the importance of wide band coupling},
      journal=gji,
      volume=155,
      pages={193--199}
}

@ARTICLE{woodhouse1980,
      author={J. H. Woodhouse},
      year=1980,
      title={The coupling and attenuation of nearly
resonant multiplets in the Earth's free oscillation spectrum},
      journal=gjras,
      volume=61,
      pages={261--283}
}

@ARTICLE{WoDz84,
      author={J. H. Woodhouse and A. M. Dziewonski},
      year=1984,
      title={Mapping the upper mantle: Three-dimensional modeling of
Earth structure by inversion of seismic waveforms},
      journal=jgr,
      volume=89,
      pages={5953-5986}
}

@ARTICLE{zhu&kanamori2000,
author={L. Zhu and H. Kanamori},
title={Moho depth variation in southern {C}alifornia from teleseismic receiver functions},
journal=jgr,
year=2000,
volume=105,
pages={2969--2980}
}

@ARTICLE{HaHa97,
author={E. Hauksson and J. S. Haase},
title={Three-dimensional {$V_p$} and {$V_p/V_s$} velocity models of the {L}os {A}ngeles basin and central {T}ransverse {R}anges, {C}alifornia},
journal=jgr,
year=1997,
volume=102,
pages={5423--5453}
}

@ARTICLE{hauksson2000,
author={E. Hauksson},
title={Crustal structure and seismicity distribution adjacent to the {P}acific and {N}orth {A}merica plate boundary in {S}outhern {C}alifornia},
journal=jgr,
year=2000,
volume=105,
pages={13875--13903}
}

@ARTICLE{hauksson2000science,
author={E. Hauksson},
title={Crustal structure and seismicity distribution adjacent to the {P}acific and {N}orth {A}merica plate boundary in {S}outhern {C}alifornia},
journal=jgr,
year=2000,
volume=105,
pages={13875--13903},
note={This article gives compressional- and shear-wave speed in Southern California. Density has to be defined independently based upon mineral physics estimates.}
}

@ARTICLE{simonsetal2002,
author={F. J. Simons and R. D. van der Hilst and J. P. Montagner and A. Zielhuis},
title={Multimode {R}ayleigh wave inversion for heterogeneity and azimuthal anisotropy of the {A}ustralian upper mantle},
journal=gji,
year=2002,
volume=151
}

@ARTICLE{montagner2002,
author={J. P. Montagner},
title={Upper mantle low anisotropy channels below the {P}acific {P}late},
journal={Earth Planet. Sci. Lett.},
year=2002,
volume=202,
pages={263--274}
}


@ARTICLE{antonionietal2002,
author={A. Antonioli and M. Cocco and S. Das and C. Henry},
title={Dynamic stress triggering during the great 25~{M}arch 1998 {A}ntarctic {P}late earthquake},
journal=bssa,
year=2002,
volume=92,
pages={896--903}
}

@ARTICLE{SoHe96,
author={X. J. Song and D. V. Helmberger},
title={Source estimation of finite faults from broadband regional networks},
journal=bssa,
year=1996,
volume=86,
pages={797--804},
}

@ARTICLE{rial&cormier1980,
author={J. A. Rial and V. F. Cormier},
title={Seismic waves at the epicenter's antipode},
journal=jgr,
year=1980,
volume=85,
pages={2661--2668},
}

@ARTICLE{rial1978,
author={J. A. Rial},
title={On the focusing of seismic body waves at the epicenter's antipode},
journal=gjras,
year=1978,
volume=55,
pages={737--743},
}

@ARTICLE{smith&dahlen73,
author={M. L. Smith and F. A. Dahlen},
title={The azimuthal dependence of {L}ove and {R}ayleigh wave propagation in a slightly anisotropic medium},
journal=jgr,
year=1973,
volume=78,
pages={3321--3333},
}

@ARTICLE{li&tanimoto93,
author={X. D. Li and T. Tanimoto},
title={Waveforms of long-period body waves in a slightly aspherical {E}arth model},
journal=gji,
year=1993,
volume=112,
pages={92--102},
}

@ARTICLE{HaTeHe87,
author={E. Hauksson and T. L. Teng and T. L. Henyey},
title={Results from a 1500~m deep, three-level downhole seismometer array: site response, low {$Q$} values, and $f_{max}$},
journal=bssa,
year=1987,
volume=77,
pages={1883--1904},
}

@ARTICLE{AaHeHa2001,
author = {Brad T. Aagaard and Thomas H. Heaton and John F. Hall},
title = {Dynamic earthquake ruptures in the presence of lithostatic normal stresses: implications for Friction Models and Heat Production},
journal = bssa,
year = 2001,
volume = 91,
number = 6,
pages = {1765--1796}
}

@ARTICLE{AaHaHe2001,
author = {Brad T. Aagaard and John F. Hall and Thomas H. Heaton},
title = {Characterization of Near-Source Ground Motions with Earthquake Simulations},
journal = {Earthquake Spectra},
year = 2001,
volume = 17,
number = 2,
pages = {177--207}
}

@ARTICLE{StAnDrLaRo99,
author = {C. Stidham and M. Antolik and D. Dreger and S. Larsen and B. Romanowicz},
title = {Three-dimensional Structure Influences on the Strong Motion Wavefield of the 1989 {L}oma {P}rieta Earthquake},
journal = bssa,
year = 1999,
volume = 89,
pages = {1184-1202}
}

@ARTICLE{LaAnDrStScLoRo97,
author = {S. Larsen and M. Antolik and D. Dreger and C. Stidham and C. Schultz and A. Lomax and B. Romanowicz},
title = {3-{D} Models of Seismic Wave Propagation: Simulating Scenario Earthquakes Along the {H}ayward Fault},
journal = {Seis. Res. Lett.},
year = 1997,
volume = 68,
pages = 328
}

@ARTICLE{AnLaDrRo96,
author = {M. Antolik and S. Larsen and D. Dreger and B. Romanowicz},
title = {Modeling broadband waveforms in central {C}alifornia using finite differences},
journal = {Seis. Res. Lett.},
year = 1996,
volume = 67,
pages = 30
}

@ARTICLE{SuSh03,
author = {M. P. S\"uss and J. H. Shaw},
title = {P-wave seismic velocity structure derived from sonic logs and industry reflection data in the {L}os {A}ngeles basin, {C}alifornia},
journal = jgr,
year = 2003,
note = {in press.}
}

@ARTICLE{MaFe98,
author = {D. Massonnet and Kurt L. Feigl},
title = {Radar interferometry and its application to changes in the {E}arth's surface},
journal = {Reviews of Geophysics},
year = 1998,
volume = 36,
pages = {441--500}
}

@ARTICLE{Far90,
author = {V. Farra},
title = {Amplitude computation in heterogeneous media by ray perturbation theory: a finite element approach},
journal = gji,
year = 1990,
volume = 103,
pages = {341--354}
}

@ARTICLE{FaCh03,
author = {N. Favier and S. Chevrot},
title = {Sensitivity kernels for shear wave splitting in transverse isotropic media},
journal = gji,
year = 2003,
volume = 153,
number = 1,
pages = {213--228}
}

@ARTICLE{FaChKo03,
author = {N. Favier and S. Chevrot and D. Komatitsch},
title = {Near-field influences on shear wave splitting and traveltime sensitivity kernels},
journal = gji,
year = 2003,
note = "submitted"
}

@ARTICLE{marqueringetal1999,
author = {H. Marquering and F.A. Dahlen and G. Nolet},
title = {Three-dimensional sensitivity kernels for finite-frequency
traveltimes: the banana-doughnut paradox},
journal = gji,
year = 1999,
volume = 137,
pages = {805--815}
}

@ARTICLE{marquering&snieder95,
citekey={marquering&snieder95},
author={H. Marquering and R. Snieder},
title={Surface-wave mode coupling for efficient forward modelling
and inversion of body-wave phases},
journal={Geophys. J. Int.},
year=1995,
volume=120,
pages={186--208},
}
                                                                              
@ARTICLE{marquering&snieder96,
citekey={marquering&snieder96},
author={H. Marquering and R. Snieder},
title={Shear-wave velocity structure beneath Europe,
the northeastern Atlantic and western Asia from waveform
inversions including surface-wave mode coupling},
journal={Geophys. J. Int.},
year=1996,
volume=127,
pages={283--304},
}
                                                                              
@ARTICLE{marquering&al97,
citekey={marquering&al97},
author={H. Marquering and G. Nolet and F. A. Dahlen},
title={Three-dimensional waveform sensitivity kernels},
journal={Geophys. J. Int.},
year=1998,
volume={132},
pages={521--534},
}

@ARTICLE{DaBa2002,
author = {F.A. Dahlen and A. M. Baig},
title = {Fr\'{e}chet kernels for body wave amplitudes},
journal = gji,
year = 2002,
volume = 150,
pages = {440--466}
}


@ARTICLE{luo&schuster1991,
author = {Y. Luo and G. T. Schuster},
title = {Wave-equation traveltime tomography},
journal = geophysics,
year = 1991,
volume = 56,
pages = {645--653}
}

@ARTICLE{simonsetal2004,
author = {F. J. Simons and F. A. Dahlen and M. Wieczorek},
title = {Spatiospectral concentration on a sphere},
journal = gji,
year = 2004,
notes = {submitted}
}

@ARTICLE{dahlenetal2000,
author = {F. A. Dahlen and G. Nolet and S.-H. Hung},
title = {Fr\'echet kernels for finite-frequency traveltime --{I}. {T}heory},
journal = gji,
year = 2000,
volume = 141,
pages = {157--174}
}

@ARTICLE{hungetal2000,
author = {S.-H. Hung and F. A. Dahlen and G. Nolet},
title = {Fr\'echet kernels for finite-frequency traveltime --{II}. {E}xamples},
journal = gji,
year = 2000,
volume = 141,
pages = {175--203}
}

@ARTICLE{DaBa02,
author = {F. A. Dahlen and A. M. Baig},
title = {Fr\'echet kernels for body-wave amplitudes},
journal = gji,
year = 2002,
volume = 150,
pages = {440--466}
}

@ARTICLE{RuRy00,
author = {G. R\"umpker and T. Ryberg},
title = {New "Fresnel-zone" estimates for shear-wave splitting observations from finite-difference modeling},
journal = grl,
year = 2000,
volume = 27,
pages = {2005--2008}
}

@ARTICLE{Bos02,
author = {M. G. Bostock},
title = {Kirchhoff-approximate inversion of teleseismic wavefields},
journal = gji,
year = 2002,
volume = 149,
pages = {787--795}
}

@ARTICLE{BoRoSh01,
author = {M. G. Bostock and S. Rondenay and J. Shragge},
title = {Multiparameter two-dimensional inversion of scattered teleseismic body waves - 1. {T}heory for oblique incidence},
journal = jgr,
year = 2001,
volume = 106,
pages = {30771--30782}
}

@ARTICLE{BoRo99,
author = {M. G. Bostock and S. Rondenay},
title = {Migration of scattered teleseismic body waves},
journal = gji,
year = 1999,
volume = 137,
pages = {732--746}
}

@ARTICLE{PeJoArSiFe03,
author = {R. Pedersen and S. J\'onsson and T. \'Arnad\'ottir and F. Sigmundsson and K. L. Feigl},
title = {Fault slip distribution estimated from joint inversion of {InSAR} and {GPS} measurements of two {J}une 2000 {M$_w$}=6.5 earthquakes in {S}outh {I}celand},
journal = "Earth and Planetary Science Letters",
year = 2003,
note = "submitted"
}

@ARTICLE{TrRoFl02,
author = {A. Tryggvason and S. T. R\"ognvaldsson and O. G. Fl\'ovenz},
title = {Three-dimensional imaging of the {P}- and {S}-wave velocity structure and earthquake locations beneath {S}outhwest {I}celand},
journal = gji,
year = 2002,
volume = 151,
pages = {848--866}
}

@ARTICLE{Dubosetal2003,
author = {N. Dubos and A. Souriau and C. Ponsolles and J. F. Fels},
title = {Etude des effets de sites dans la ville de {L}ourdes ({P}yr\'en\'ees, {F}rance) par la m\'ethode des rapports spectraux},
journal = "Bull. Soc. G\'eol. Fr.",
year = 2003,
volume = 174,
number = 1,
pages = {33--44}
}

@ARTICLE{CoRi2002,
author = {M. Cocco and J. R. Rice},
title = {Pore pressure and poroelasticity effects in {C}oulomb stress analysis of earthquake interaction},
journal = jgr,
year = 2002,
volume = 107,
pages = {2-1 -- 2-17}
}

@ARTICLE{pedersenetal2001,
author = {R. Pedersen and F. Sigmundsson and K. L. Feigl and T. \'Arnad\'ottir},
title = {Coseismic interferograms of two {M}s=6.6 earthquakes in the {S}outh {I}celand {S}eismic {Z}one, {J}une 2000},
journal = grl,
year = 2001,
volume = 28,
pages = {3341--3344}
}

@ARTICLE{arnadottiretal2001,
author = {T. \'Arnad\'ottir and S. Hreinsd\'ottir and G. Gudmunsson and P. Einarsson and M. Heinert and C. V\"olksen},
title = {Crustal deformation measured by {GPS} in the {S}outh {I}celand {S}eismic {Z}one due to two large earthquakes in {J}une 2000},
journal = grl,
year = 2001,
volume = 28,
pages = {4031--4033}
}

@ARTICLE{hilletal1993,
author = {D. P. Hill {et al.}},
title = {Seismicity remotely triggered by the magnitude~7.3 {L}anders,
{C}alifornia earthquake},
journal = "Science",
year = 1993,
volume = 260,
pages = {1617--1623}
}

@ARTICLE{BaCh03,
author = {U. Basu and A. K. Chopra},
title = {Perfectly matched layers for time-harmonic elastodynamics of unbounded domains: theory and finite-element implementation},
journal = cmame,
year = 2003,
volume = 192,
pages = {1337--1375}
}

@ARTICLE{geofem00,
author = {Kazuteru Garatani and Hisashi Nakamura and Hiroshi Okuda and Genki Yagawa},
title = {Large-Scale Parallel Wave Propagation Analysis by {G}eo{FEM}},
journal = "Lecture Notes in Computer Science",
year = 2000,
volume = 1823,
pages = {445--453}
}

@ARTICLE{geofem01,
author = {Kazuteru Garatani and Hisashi Nakamura and Hiroshi Okuda and Genki Yagawa},
title = {Geo{FEM}: a High Performance Parallel finite element method for the Solid {E}arth},
journal = "J. Future Generation Computer Systems",
year = 2001,
volume = 18,
pages = {107--114}
}

@ARTICLE{LiKoTr03paper,
author = {Q. Liu and D. Komatitsch and J. Tromp},
title = {Regional 3{D} Centroid-Moment Tensor inversions based upon the spectral-element method},
journal = bssa,
year = 2003,
note = {submitted}
}

@ARTICLE{LiKoTr03,
author = {Q. Liu and D. Komatitsch and J. Tromp},
title = {Spectral-Element Centroid-Moment Tensor Inversions},
journal={EOS Trans. AGU.},
year=2002,
volume=83
}

@ARTICLE{HaDa99,
author = {R. A. Harris and S. M. Day},
title = {Dynamic 3{D} simulations of earthquakes on en-echelon faults},
journal = grl,
year = 1999,
volume = 26,
pages = {2089--2092}
}

@ARTICLE{McBaDaShSt92,
author = {K. L. McLaughlin and T. G. Barker and S. M. Day and B. Shkoller and J. L. Stevens},
title = {Effects of subduction zone structure on explosion-generated {R}ayleigh waves: 3{D} numerical simulations},
journal = gji,
year = 1992,
volume = 111,
pages = {291--308}
}

@ARTICLE{AnLeZeDa96,
author = {J. G. Anderson and Y. Lee and Y. Zeng and S. M. Day},
title = {Control of strong motion by the upper 30~meters},
journal = bssa,
year = 1996,
volume = 86,
pages = {1749--1759}
}

@ARTICLE{IcDaMaPrVeEd96,
author = {G. A. Ichinose and S. M. Day and H. Magistrale and T. Prush and F. Vernon and A. Edelman},
title = {Crustal thickness variations beneath the {P}eninsular {R}anges, southern {C}alifornia},
journal = grl,
year = 1996,
volume = 23,
pages = {3095--3098}
}

@ARTICLE{LeDaMaEaVe00,
author = {J. Lewis and S. M. Day and H. Magistrale and J. Eakins and F. L. Vernon},
title = {Crustal thickness of the {P}eninsular {R}anges, southern {C}alifornia, from teleseismic receiver functions},
journal = "Geology",
year = 2000,
volume = 28,
pages = {303--306}
}

@ARTICLE{AlOl98,
author = {C. M. Alex and K. B. Olsen},
title = {Lens effect in {S}anta {M}onica?},
journal = grl,
year = 1998,
volume = 25,
pages = {3441--3444}
}

@ARTICLE{EiCl02,
author = {L. Eisner and R. W. Clayton},
title = {A full waveform test of the southern {C}alifornia velocity model by the reciprocity method},
journal = pageoph,
year = 2002,
volume = 159,
pages = {1691--1706}
}

@ARTICLE{DaNaYe89,
author = {T. L. Davis and J. Namson and R. F. Yerkes},
title = {A cross-section of the {L}os {A}ngeles area: seismically active fold-and-thrust belt, the 1987 {W}hittier {N}arrows Earthquake and earthquake hazard},
journal = jgr,
year = 1989,
volume = 94,
pages = {9644-9664}
}

@ARTICLE{McC60,
author = {T. H. McCulloh},
title = {Gravity variations and the geology of the {L}os {A}ngeles basin of {C}alifornia},
journal = "U.S. Geological Survey Professional Paper",
year = 1960,
volume = "400-B",
pages = {320-325}
}

@ARTICLE{ScHuYeHu96,
author = {C. L. Schneider and C. Hummon and R. S. Yeats and G. J. Huftile},
title = {Structural evolution of the northern {L}os {A}ngeles basin, {C}alifornia, based on growth strata},
journal = "Tectonics",
year = 1996,
volume = 15,
pages = {341-355}
}

@ARTICLE{DaRuLiGaKn00,
author = {P. M. Davis and J. L. Rubinstein and K. H. Liu and S. S. Gao and L. Knopoff},
title = {Northridge earthquake damage caused by geologic focusing of seismic waves},
journal = "Science",
year = 2000,
volume = 289,
pages = {1746-1750}
}

@ARTICLE{YeHuSt94,
author = {R. S. Yeats and G. J. Huftile and L. T. Stitt},
title = {Late {C}enozoic tectonics of the East {V}entura Basin, {T}ransverse {R}anges, {C}alifornia},
journal = "AAPG Bulletin",
year = 1994,
volume = 78,
number = 7,
pages = {1040-1074}
}

@ARTICLE{HuYe95,
author = {G. J. Huftile and R. S. Yeats},
title = {Convergence rates across a displacement transfer zone in the western {T}ransverse {R}anges, {V}entura Basin, {C}alifornia},
journal = jgr,
year = 1995,
volume = 100,
number = 2,
pages = {2043-2067}
}

@ARTICLE{Ebeetal03,
author = {D. Eberhart-Phillips and P. J. Haeussler and J. T. Freymueller and A. D. Frankel and C. M. Rubin and P. Craw and N. A. Ratchkovski and G. Anderson and G. A. Carver and A. J. Crone and T. E. Dawson and H. Fletcher and R. Hansen and E. L. Harp and R. A. Harris and D. P. Hill and S. Hreinsdottir and R. W. Jibson and L. M. Jones and R. Kayen and D. K. Keefer and C. F. Larsen and S. C. Moran and S. F. Personius and G. Plafker and B. Sherrod and K. Sieh and N. Sitar and W. K. Wallace},
title = {The 2002 {D}enali Fault Earthquake, {A}laska: a Large Magnitude, Slip-Partitioned Event},
journal="Science",
year = 2003,
volume = 300,
pages = {1113-1118}
}

@ARTICLE{Fish3,
  Author         = {Fishman, L.},
  Title          = {Applications of {D}irectional {W}avefield
                   {D}ecomposition, {P}hase {S}pace and {P}ath {I}ntegral
                   {M}ethods to {S}eismic {W}ave {P}ropagation and
                   {I}nversion},
  Journal        = {Pure and Applied Geophysics},
  Volume         = {159},
  Pages          = {1637-1679},
  year           = 2002,
}

@ARTICLE{Fish2,
  Author         = {Fishman, L. and McCoy, J. J. and Wales, S. C.},
  Title          = {Factorization and {P}ath {I}ntegration of the
                   {H}elmholtz {E}quation : {N}umerical {A}lgorithms},
  Journal        = {J. Acoust. Soc. Am.},
  Volume         = {81},
  Pages          = {1355-1376},
  year           = 1987,
}

@ARTICLE{Dar03,
  Author         = {Darrigrand, E.},
  Title          = {Coupling of {F}ast {M}ultipole {M}ethod and
                   {M}icrolocal {D}iscretization for the 3{D} {H}elmholtz
                   {E}quation},
  journal = jcp,
  Note           = {in press.},
  year           = 2003
}

@ARTICLE{Hor2,
  Author         = {H\o{}rmander, L.},
  Title          = {Pseudo-differentail {O}perators and {N}on {E}lliptic
                   {B}oundary {P}roblems},
  Journal        = {Ann. of Math.},
  Volume         = {83},
  Pages          = {129-209},
  year           = 1966,
}

@ARTICLE{Hor1,
  Author         = {H\o{}rmander, L.},
  Title          = {Pseudo-differentail {O}perators},
  Journal        = {Comm. Pure Appl. Math.},
  Volume         = {18},
  Pages          = {501--517},
  year           = 1965,
}

@ARTICLE{DeWitt,
  Author         = {DeWitt-Morette, C.},
  Title          = {Feynman {P}ath {I}ntegrals : {I}) {L}inear {A}nd
                   {A}ffine {T}echniques, {II}) {T}he {F}eynman-{G}reen
                   function},
  Journal        = {Comm. Math. Phys},
  Volume         = {37},
  Pages          = {63-81},
  year           = 1974,
}

@ARTICLE{dehoop3,
  Author         = {De Hoop, M. V. and Le Rousseau, J. H.},
  Title          = {Scalar {G}eneralized-{S}creen {A}lgorithms in
                   {T}ransversely {I}sotropic {M}edia with a {V}ertical
                   {S}ymmetry {A}xis},
  Journal        = {Geophysics},
  Volume         = {66},
  Number         = {5},
  Pages          = {1538-1550},
  year           = 2001,
}

@ARTICLE{boutet,
  Author         = {Boutet de Monvel, L. and Kr\'ee, P.},
  Title          = {Pseudo-differential operators and {G}evrey classes},
  Journal        = {Ann. Inst. Four.},
  Volume         = {17},
  Pages          = {295-323},
  year           = 1967,
}

@ARTICLE{Bremmer,
  Author         = {Bremmer, H.},
  Title          = {The {WKB} approximation as the first term of a
                   geometric-optical series},
  Journal        = {Comm. Pure Appl. Math.},
  Pages          = {105-115},
  year           = 1951,
}

@ARTICLE{Fish1,
  Author         = {Fishman, L.},
  Title          = {Exact and {O}perator {R}ational {A}pproximate
                   {S}olutions of the {H}elmholtz, {W}eyl {C}omposition
                   {E}quation in {U}nderwater {A}coustics - the
                   {Q}uadratic {P}rofile},
  Journal        = {J. Math. Phys.},
  Volume         = {33},
  Pages          = {1887--1914},
  year           = 1992,
}

@ARTICLE{ABHelene,
  Author         = {X. Antoine and H. Barucq},
  Title          = {Microlocal diagonalization of strictly hyperbolic
                   pseudodifferential systems and application to the
                   design of radiation conditions in electromagnetism},
  Journal        = {SIAM J. Appl. Math.},
  Volume         = {6},
  Pages          = {1877-1905},
  year           = 2001,
}

@ARTICLE{HagHelene,
  Author         = {T. Hagstrom},
  Title          = {Radiation Boundary Conditions for the Numerical Simulation of Waves},
  Journal        = {Acta Numerica},
  Volume         = {8},
  Pages          = {47-106},
  year           = 1999,
}

@ARTICLE{BHelene,
  Author         = {H. Barucq},
  Title          = {A new family of first-order boundary conditions for the {M}axwell system: derivation, well-posedness and long-time behavior},
  Journal        = {J. Math. Pures Appl.},
  Volume         = {82},
  Pages          = {67--88},
  year           = 2002,
}

@ARTICLE{GNHelene,
  Author         = {D. Givoli and B. Neta},
  Title          = {High-order non-reflecting boundary scheme for time-dependent waves},
  Journal        = {J. Comput. Phys.},
  Volume         = {186},
  Pages          = {24--46},
  year           = 2003,
}

@ARTICLE{ABBHelene,
  Author         = {Barucq, H. and Antoine, X. and Bendali, A.},
  Title          = {Bayliss-{T}urkel-like radiation conditions on surfaces of arbitrary shape},
  Journal        = {J. Math. Anal. Appl.},
  Volume         = {229},
  Pages          = {184-211},
  year           = 1999,
}

@TECHREPORT{GaMaNaHelene,
  Author         = {Gander, M. J. and Magoul\`es, F. and Nataf, F.},
  Title          = {Optimized {S}chwarz method without overlap for the {H}elmholtz equation},
  Institution    = {CMAP, UMR CNRS 67641},
  year           = 2001
}

@ARTICLE{HalHelene,
  Author         = {L. Halpern},
  Title          = {Artificial boundary conditions for incompletely parabolic perturbations of hyperbolic systems},
  Journal        = {SIAM J. Math. Anal.},
  Volume         = {22},
  Number         = {5},
  Pages          = {1256-1283},
  year           = 1991
}

@ARTICLE{RoVaHelene,
  Author         = {A. A. Rodriguez and A. Valli},
  Title          = {Domain Decomposition Algorithms for Time-harmonic {M}axwell Equations with Damping},
  Journal        = {Math Model. Numer. Anal.},
  Volume         = {35},
  Number         = {4},
  Pages          = {825--848},
  Note           = {ESAIM-M2AN},
  year           = 2001,
}

@ARTICLE{sympl2,
  Author         = {Gao, L. and Li, Y.-M. and Chen, X.-R. and Yang, K.-Q.},
  Title          = {An attempt to seismic ray tracing with symplectic algorithm},
  Journal        = {Chinese J. Geophys.},
  Volume         = {43},
  Number         = {3},
  Pages          = {433-440},
  year           = 2000,
}

@ARTICLE{li&romanowicz95,
author={X.-D. Li and B. Romanowicz},
title={Comparison of global waveform inversions
with and without considering cross-branch modal coupling},
journal={Geophys. J. Int.},
year=1995,
volume=121,
pages={695--709},
}

@ARTICLE{li&romanowicz96,
author={X.-D. Li and B. Romanowicz},
title={Global mantle shear-velocity model developed using
nonlinear asymptotic coupling theory},
journal={J. Geophys. Res.},
year=1996,
volume=101,
pages={22245--22272},
}

@ARTICLE{farra93,
  Author         = {Farra, V.},
  Title          = {Ray tracing in complex media},
  Journal        = {J. Appl. Geophys.},
  Volume         = {30},
  Pages          = {55-73},
  year           = 1993,
}

@ARTICLE{sympl1,
  Author         = {Qin, M.-Z. and Chen, J.-B},
  Title          = {Maslov asymptotic theory and symplectic algorithm},
  Journal        = {Chinese J. Geophys.},
  Volume         = {43},
  Number         = {4},
  Pages          = {556-567},
  year           = 2000,
}

@ARTICLE{farra99,
  Author         = {Farra, V.},
  Title          = {Computation of second-order travel-time perturbation by {H}amiltonian ray theory},
  Journal        = {Geophys. J. Int.},
  Volume         = {136},
  Pages          = {205-217},
  year           = 1999,
}

@Proceedings{MT01,
  Title          = {Seismic true amplitudes},
  Editor         = {Tygel, M.},
  Volume         = {10},
  Publisher      = {Journal of Seismic Exploration},
  year           = 2001,
}

@ARTICLE{gp03,
  Author         = {Favretto-Cristini, N. and de Bazelaire, E.},
  Title          = {P{P} amplitude bias caused by interface scattering:
                   are diffracted waves guilty?},
  Journal        = {Geophysical Prospecting},
  Volume         = {51},
  Pages          = {99-115},
  year           = 2003,
}

@ARTICLE{ED96,
  Author         = {Danicki, E.},
  Title          = {Interfacial waves in an elastic body fractured by periodic cracks},
  Journal        = jasa,
  Volume         = {100},
  Number         = {5},
  Pages          = {2942-2948},
  year           = 1996,
}

@ARTICLE{ED99,
  Author         = {Danicki, E.},
  Title          = {Resonant phenomena in bulk-wave scattering by in-plane periodic cracks},
  Journal        = jasa,
  Volume         = {105},
  Number         = {1},
  Pages          = {84-92},
  year           = 1999,
}

@BOOK{SB95,
  Author = {Biryukov, S. V. and Gulyaev, Yu. V. and Krylov, V. V.  and Plessky, V. P.},
  Title = {Surface acoustic waves in inhomogeneous media},
  Publisher = {Springer-Verlag},
  year = 1995
}

@ARTICLE{Felsen,
  Author         = {Felsen, L. B.},
  Title          = {Geometrical Theory of Diffraction, Evanescent Waves, Complex Rays and {G}aussian Beams},
  journal        = gjras,
  Volume         = {79},
  Pages          = {77-88},
  year           = 1984,
}

@ARTICLE{Jordan2,
  Author         = {Jordan, P. M.},
  Title          = {{C}omment on \textit{{E}xact Constructions of Square-root {H}elmholtz Operator Symbols: The Focusing Quadratic Profile}},
  Journal        = {J. Math. Phys.},
  Volume         = {42},
  pages = {4618-4623},
  year           = 2000,
}

@ARTICLE{Corones,
  Author         = {Corones, J.},
  Title          = {Bremmer Series That Correct Parabolic Approximations},
  Journal        = {J. Math. Anal. Appl.},
  Volume         = {50},
  Pages          = {361-372},
  year           = 1975,
}

@ARTICLE{bardos,
  Author         = {Bardos, C. and Lebeau, G. and Rauch, J.},
  Title          = {Gevrey regularity and distribution of the scattering frequencies},
  Journal        = {Invent. Math.},
  Volume         = {90},
  Pages          = {77-114},
  year           = 1987,
}

@ARTICLE{dehoop1,
  Author         = {De Hoop, M.V.},
  Title          = {Generalization of the {B}remmer coupling series},
  Journal        = {J. Math. Phys.},
  Volume         = {37},
  Pages          = {3246-3282},
  year           = 1996,
}

@INPROCEEDINGS{DuLaPr,
  Author         = {Duquet, B. and Lavaud, B. and Prat, F.},
  Title          = {Improving {GSP} Extrapolators},
  BookTitle      = {Proceedings of the SEG},
  Note           = {submitted.},
  year           = 2003
}

@ARTICLE{Sjostrand,
  Author         = {Sj\o{}strand, J.},
  Title          = {Fourier Integral Operators with Complex-Valued Phase Functions},
  Journal        = {Lecture Notes},
  Volume         = {459},
  Pages          = {120-223},
  year           = 1974
}

@ARTICLE{KohnNir,
  Author         = {Kohn, J. J. and Nirenberg, L.},
  Title          = {On the Algebra of Pseudo-Differential Operators},
  Journal        = {Comm. Pure Appl. Math.},
  Volume         = {18},
  Pages          = {269--305},
  year           = 1965,
}

@ARTICLE{dehoop2,
  Author         = {De Hoop, M. V. and Spencer, C. and Burridge, R.},
  Title          = {The Resolving Power of Seismic Amplitude Data: An Isotropic Inversion/Migration Approach},
  Journal        = geophysics,
  Volume         = {64},
  Pages          = {852--873},
  year           = 1999,
}

@ARTICLE{TrMi99,
      author={J. Tromp and J. X. Mitrovica},
      year=1999,
      title={Surface loading of a viscoelastic
{E}arth: {I -- G}eneral theory},
      journal=gji,
      volume=137,
      pages={847-855}
}

@ARTICLE{MiPe91,
      author={J. X. Mitrovica and W. R. Peltier},
      year=1991,
      title={A complete formalism for the inversion of
post-glacial rebound data: resolving power analysis},
      journal=gji,
      volume=104,
      pages={267-288}
}

@ARTICLE{Pel76,
      author={W. R. Peltier},
      year=1976,
      title={Glacial isostatic adjustment: {II -- T}he
inverse problem},
      journal=gjras,
      volume=46,
      pages={669-706}
}

@ARTICLE{CoSc95,
      author={R. T. Coates and M. Schoenberg},
      year=1995,
      title={Finite-difference modelling of faults and fractures},
      journal=geophysics,
      volume=60,
      pages={1514-1526}
}

@ARTICLE{VlLiMaLi03,
      author={S. Vlastos and E. Liu and I. G. Main and X. Y. Li},
      year=2003,
      title={Numerical simulation of wave propagation in media with discrete distributions of fractures: effects of fractures sizes and spatial distribution},
      journal=gji,
      volume=152,
      pages={649-668}
}

@ARTICLE{Shinguetal2002,
     author={Satoru Shingu and Hiroshi Takahara and Hiromitsu Fuchigami and Masayuki Yamada and Yoshinori Tsuda and Wataru Ohfuchi and Yuji Sasaki and Kazuo Kobayashi and Takashi Hagiwara and Shin-Ichi Habata and Mitsuo Yokokawa and Hiroyuki Itoh and Kiyoshi Otsuka},
     year=2002,
     title={A 26.58 teraflops Global Atmospheric Simulation with the Spectral Transform Method on the {E}arth {S}imulator},
     journal={Proceedings of the ACM/IEEE Supercomputing SC'2002 conference},
     note={Published on CD-ROM and at www.sc-conference.org/sc2002}
     }

@ARTICLE{OlDaBr03,
      author={K. B. Olsen and S. M. Day and C. R. Bradley},
      year=2003,
      title={Estimation of {$Q$} for long-period (>2 sec) waves in the {L}os {A}ngeles basin},
      journal=bssa,
      volume=93,
      number=2,
      pages={627-638}
}
